1786 3242
91 122 157 185 52„

323 230 820 270 METAMORPHOSEON
842 230 941 266 LIB.
965 229 1075 268 VIII.
1102 228 1294 266 715—802.
1421 219 1504 262 143

24 327 25 351 1
70 310 95 354 ³3:
122 313 359 362 nondun
381 313 513 370 inque
536 313 675 355 virum
700 312 907 356 convertit
930 311 985 354 ab
1009 311 1160 354 arbore
1184 309 1345 353 ferrum

95 412 97 414 ,
125 372 434 427 detruncatque
450 374 605 427 ‘caput3
630 369 894 426 repetitaque
917 368 1073 411 robora
1096 367 1247 418 caedit,
1531 379 1600 412 760

23 447 25 450 ’
78 479 81 483 ,
124 427 318 477 redditus
340 442 366 472 e
387 426 530 470 medio
554 441 684 469 sonus
708 433 773 469 est
796 440 895 468 cum
917 425 1070 468 robore
1093 424 1209 467 talis:

125 483 349 543 “nympha
371 483 452 527 sub
476 483 557 526 hoc
580 497 662 539 ego
685 497 779 525 sum
806 480 954 525 Cereri
976 481 1217 538 gratissima
1239 481 1376 537 ligno:

67 572 70 573 ν
124 556 253 609 quae·
261 540 340 584 tibi
361 540 572 584 factorum
596 553 756 596 poenas
779 539 938 582 instare
961 546 1132 580 tuorum
1158 599 1163 604 .

21 623 26 630 Ἀ
76 598 79 614 ⁷
123 598 335 644 vationum·
356 596 560 646 moriens,
583 595 718 638 nostri
744 595 901 638 solacia
922 595 1037 638 leti.’'

225 653 395 711 equitur
415 653 555 696 scelus
577 652 648 695 ille
673 667 818 695 suum:
841 651 1137 705 labefactaque
1160 650 1334 694 tandem
1531 663 1600 696 ⁷65

124 711 282 757 :atibus
304 709 537 754 innumeris
562 708 833 763 adductaque
857 707 1032 750 funibus
1057 707 1185 749 arbor

69 794 72 799 ·
127 768 287 814 corruit
310 775 354 812 et
375 766 554 809 multam
577 765 806 822 prostravit
828 764 1017 821 pondere
1041 764 1205 806 silvam.

17 853 21 871 .'
68 865 70 869 ,
126 825 328 871 attonitae
350 823 552 880 Dryades
576 822 731 865 damno
754 835 1063 876 nemorumque
1087 834 1265 875 suoque,

18 883 19 886 ’
126 896 275 928 omnes
297 895 541 938 germanae,
567 877 768 922 Cererem
793 893 891 921 cum
914 877 1104 920 vestibus
1129 877 1229 919 atris

68 971 74 982 .=
124 946 363 984 maerentes
386 936 546 980 adeunt
567 949 836 1002 poenamque
859 933 1183 1001 Erysichthonis
1209 940 1343 976 orant.
1531 947 1601 979 77ο

50 986 66 1046 ζ,·,
126 995 276 1040 adnuit
297 994 386 1046 his,
409 993 644 1060 capitisque
668 1007 735 1035 sm
757 991 1045 1048 pulcherrlma
1067 997 1188 1033 motu

20 1061 25 1065 ‘'
56 1083 63 1090 v·
125 1051 344 1098 concussit.
361 1050 550 1108 gravidis
574 1056 769 1093 oneratos
794 1048 1004 1091 messibus
1029 1061 1175 1104 agros:

58 1122 64 1136 ‘-
123 1109 382 1164 moliturque
403 1131 464 1138 —
485 1121 622 1164 genus
647 1120 811 1162 poenae
835 1104 1095 1156 miserabile,
1119 1104 1156 1147 si
1179 1117 1266 1146 non

124 1163 197 1210 ille
220 1164 309 1208 suis
332 1170 444 1209 esset
466 1163 573 1206 nulli
596 1162 849 1205 miserabilis
873 1162 978 1205 actis
1001 1185 1060 1193 -

2 1269 5 1273 ,
47 1232 50 1234 ’
125 1222 329 1281 pestifera
350 1221 538 1264 lacerare
560 1219 708 1263 Fame.
769 1234 880 1274 quae
903 1218 1104 1274 quatinus
1127 1218 1210 1274 ipsi
1529 1231 1599 1263 775

2 1307 49 1339 -42
123 1293 212 1323 non
234 1277 434 1322 adeunda
457 1277 563 1320 deae
588 1284 652 1320 est
674 1276 834 1331 (neque
854 1276 966 1319 enim
987 1274 1274 1329 Cereremque
1290 1273 1556 1330 Famemque

2 1345 4 1364 ³
29 1345 56 1380 ’τ’
95 1333 216 1390 ’,ἕπει
238 1335 351 1379 coire
375 1334 540 1390 sinunt)
562 1333 752 1375 montani
776 1332 962 1375 numinis
986 1347 1116 1374 unam

123 1391 282 1436 talibus
306 1398 518 1449 agrestem
542 1390 770 1446 compellat
796 1388 971 1432 Oreada
994 1388 1136 1431 dictis:

124 1453 226 1492 “est
247 1449 368 1492 locus
391 1447 590 1491 extremis
617 1446 820 1502 Scythiae
843 1446 1034 1503 glacialis
1058 1445 1103 1487 in
1127 1445 1224 1495 oris,

0 1506 10 1550 ἶ
50 1531 56 1560 ¹.
122 1506 246 1550 triste
269 1506 426 1556 solum,
451 1504 623 1554 sterilis,
648 1504 738 1546 sine
761 1503 905 1559 fruge,
931 1503 1021 1546 sine
1046 1502 1196 1544 arbore
1219 1502 1364 1544 tellus:
1529 1514 1600 1547 780

13 1561 15 1568 ’
42 1566 54 1594 ss
123 1562 283 1619 Frigus
306 1561 420 1605 iners
442 1561 527 1603 illic
550 1561 745 1603 habitant
767 1560 998 1615 Pallorque
1022 1559 1287 1614 Tremorque

9 1638 17 1667 ‚2
54 1638 60 1672 ζ
125 1626 169 1663 et
190 1619 333 1662 ieiuna
353 1618 525 1661 Fames.
585 1632 636 1660 ea
660 1632 705 1660 se
728 1617 773 1659 in
796 1616 1044 1673 praecordia
1068 1615 1223 1659 condat

14 1731 15 1734 Ἰ
48 1679 58 1720 'i
125 1675 321 1733 sacrilegi
344 1675 568 1725 scelerata,
591 1674 712 1717 iube:
736 1688 817 1716 nec
841 1673 964 1730 copia
986 1688 1129 1716 rerum

0 1741 1 1751 ¹
123 1733 268 1777 vincat
290 1747 404 1783 eam,
429 1738 685 1787 superetque
709 1745 826 1773 meas
851 1730 1081 1773 certamine
1104 1729 1230 1772 vires.

10 1791 11 1794 ’
60 1806 61 1809 ’
122 1804 233 1834 neve
255 1789 352 1832 viae
375 1787 560 1845 spatium
584 1795 626 1830 te
648 1794 823 1844 terreat,
848 1787 994 1843 accipe
1019 1801 1181 1836 currus,
1529 1798 1598 1831 785

6 1881 12 1887 .
36 1854 57 1893 ςέ·
124 1847 288 1904 accipe,
312 1859 420 1902 quos
443 1844 575 1888 frenis
599 1844 683 1887 alte
705 1844 945 1894 moderere,
971 1842 1207 1886 dracones''

17 1923 58 1942 ³>
125 1911 168 1948 et
191 1903 320 1947 dedit.
378 1902 452 1944 illa
474 1901 574 1944 dato
598 1901 803 1944 subvecta
826 1915 903 1957 per
926 1904 1026 1943 ae'ra
1049 1914 1175 1943 curru

125 1960 298 2004 devenit
318 1959 364 2002 in
389 1958 630 2015 Scythiam,
654 1958 864 2014 rigidique
888 1957 1109 2000 cacumine
1132 1956 1287 1999 montis

124 2015 373 2073 (Caucason
396 2015 633 2072 appellant)
657 2022 900 2071 serpentum
924 2015 1032 2057 colla
1055 2014 1230 2056 levavit:

13 2087 47 2126 z?
124 2073 445 2131 quaesitamque
468 2073 647 2115 Famem
670 2072 860 2128 lapidoso
884 2071 990 2113 vidit
1013 2071 1057 2113 in
1081 2085 1185 2127 agro
1528 2082 1598 2115 790

9 2167 13 2171 .
35 2142 45 2190 ἢ·
124 2130 342 2188 unguibus
367 2137 411 2173 et
433 2144 550 2172 raras
574 2129 800 2171 vellentem
825 2128 1022 2171 dentibus
1046 2127 1213 2170 herbas.

8 2202 26 2230 ς
51 2215 54 2219 ·
124 2187 259 2231 hirtus
283 2193 375 2231 erat
398 2186 545 2237 crinis,
570 2200 677 2229 cava
699 2185 878 2235 lumina,
903 2185 1041 2241 pallor
1063 2184 1108 2227 in
1132 2198 1218 2235 ore,

123 2245 244 2288 labra
265 2244 419 2288 incana
442 2244 546 2294 situ,
569 2243 745 2285 scabrae
768 2242 965 2298 rubigine
987 2241 1149 2292 fauces,

10 2308 52 2366 ξ’
125 2301 233 2345 dura
255 2300 383 2352 eutis,
407 2315 485 2357 per
507 2314 638 2355 quam
662 2299 844 2355 spectari
867 2299 1031 2341 viscera
1053 2304 1246 2354 possent3

123 2372 221 2403 ossa
243 2357 325 2402 sub
346 2357 534 2400 incurvis
559 2356 762 2399 extabant
785 2355 904 2398 arida
926 2355 1097 2406 lumbis,
1527 2366 1595 2398 795

0 2460 3 2464 ,
38 2447 50 2458 2
122 2414 282 2459 ventris
306 2421 396 2458 erat
418 2428 496 2471 pro
519 2421 666 2457 ventre
689 2414 826 2463 locus3
850 2413 1036 2469 pendere
1060 2419 1233 2468 putares

46 2501 53 2508 2
122 2479 272 2530 peetus
296 2479 339 2515 et
363 2486 389 2514 a
412 2471 559 2528 spinae
583 2470 877 2513 tantummodo
902 2476 1016 2513 crate
1041 2468 1187 2512 teneri.

38 2560 46 2570 v,
123 2535 300 2572 auxerat
323 2528 523 2572 articulos
546 2528 723 2575 macies,
748 2541 1024 2583 genuumque
1048 2525 1241 2568 tumebat

18 2607 19 2610 ¹
41 2593 48 2630 ἶ
92 2623 95 2625 ,
122 2585 258 2638 orbis,
282 2592 326 2628 et
347 2585 575 2628 immodico
598 2584 826 2641 prodibant
847 2583 997 2626 tubere
1021 2583 1128 2626 talis

121 2641 232 2686 hanc
254 2642 403 2700 procul
426 2649 474 2685 ut
496 2641 604 2685 vidit
625 2665 684 2672 —-
706 2655 845 2696 neque
870 2641 982 2683 enim
1007 2648 1072 2683 est
1095 2639 1298 2683 accedere
1321 2639 1441 2682 iuxta
1521 2652 1593 2685 800

0 2695 4 2704 '
40 2711 46 2718 “·
121 2713 227 2742 ausa
249 2722 308 2730 —
329 2699 460 2742 refert
482 2698 684 2741 mandata
708 2698 826 2741 deae.
885 2698 1146 2754 paulumque
1170 2704 1347 2748 morata,

37 2791 53 2802 .
119 2769 380 2814 quamquam
404 2756 551 2800 aberat
573 2756 721 2812 longe,
746 2769 1006 2811 quamquam
1029 2755 1157 2798 modo
1182 2761 1357 2798 venerat
1380 2753 1496 2806 illuc,
