1786 3242
336 260 833 301 METAMORPHOSEON
855 263 954 300 ΜΒ.
978 263 1048 300 XI.
1075 265 1268 301 140—227.
1409 256 1493 300 185

68 332 73 339 Ἰ
115 341 303 388 dedecus
326 342 522 394 auderet,
547 343 724 400 cupiens
747 344 897 388 efferre
923 345 1004 388 sub
1028 361 1167 398 auras,

275 407 363 443 sset
384 399 562 444 reticere
586 409 748 451 tamen,
773 402 933 445 secedit
955 402 1218 459 humumque
1522 417 1589 451 185

114 413 197 444 nec

66 498 67 502 ,
116 455 183 501 eff
233 455 267 499 ’t
288 463 351 508 et,
375 456 536 500 domini
560 458 706 513 quales
731 459 944 515 aspexerit
966 474 1104 510 aures,

64 538 66 543 »
115 527 222 557 voce
243 512 374 557 refert
395 528 531 570 parva
553 522 776 570 terraeque
798 515 1080 559 inmurmurat
1102 516 1294 569 haustae,

58 610 60 615 .
115 569 405 626 indiciumque
429 585 534 614 suae
556 571 673 614 vocis
697 572 847 615 tellure
871 580 1039 629 regesta

54 670 65 682 ἱ.
116 625 277 677 obruit,
301 635 344 670 et
367 627 590 671 scrobibus
613 628 766 672 tacitus
792 629 968 672 discedit
994 631 1163 686 opertis.

0 691 1 702 ³
60 692 65 725 ζ
115 682 265 727 creber
285 683 594 727 harundinibus
618 685 809 728 tremulis
831 685 892 728 ibi
916 701 1089 743 surgere
1112 686 1235 730 lucus
1522 702 1588 735 190

53 740 62 758 ¹
115 740 255 797 coepit
277 747 339 791 et,
362 748 412 783 ut
433 741 619 798 primum
642 741 770 798 pleno
793 742 998 784 maturuit
1021 757 1147 794 anno,
1569 743 1572 746 ’

58 831 62 835 .
114 796 303 854 prodidit
404 797 570 840 'colam.
628 798 714 841 leni
737 813 838 840 nam
861 806 1003 841 motus
1028 800 1083 842 ab
1108 806 1253 843 austro

59 888 61 890 .
114 853 269 897 obruta
289 868 367 897 ver
396 869 424 897 a
444 854 595 905 refert,
620 855 867 910 dominique
891 856 1085 912 coarguit
1107 871 1245 899 aures.

169 909 302 954 Ultus
325 911 415 953 abit
436 911 591 954 Tmolo
614 911 907 967 liquidumque
931 927 1009 968 per
1032 916 1130 955 ae’ra
1153 920 1302 957 vectus
1382 914 1586 950 Laomedon

56 944 61 949 --
113 974 345 1025 angustum
368 967 475 1011 citra
495 975 675 1025 pontum
699 968 984 1025 Nepheleidos
1010 969 1158 1013 Helles
1377 960 1585 996 “Hmbne-

112 1023 447 1068 Laomedonteis
470 1024 652 1068 Latoius
677 1026 808 1068 astitit
831 1026 956 1068 arvis.
1521 1043 1588 1075 196

19 1121 40 1136 ,J
114 1080 290 1125 dextera
314 1080 454 1138 Sigei,
479 1081 662 1126 Rhoetei
683 1083 808 1126 laeva
830 1083 1032 1139 profundi

48 1170 49 1175 ,
113 1153 188 1182 ara
209 1137 516 1195 Panomphaeo
541 1146 662 1182 vetus
687 1146 752 1183 est
775 1147 940 1183 sacrata
963 1140 1163 1184 Tonanti.

111 1194 212 1239 inde
234 1209 371 1238 novae
394 1195 581 1252 primum
602 1196 742 1239 moliri
765 1197 934 1240 moenia
957 1197 1112 1240 Troiae

111 1250 411 1296 Laomedonta
433 1252 569 1304 videt,
594 1261 876 1310 susceptaque
900 1269 1058 1310 magna
1081 1254 1227 1299 labore
1519 1271 1589 1314 200

112 1322 303 1352 crescere
326 1309 490 1352 difficili
512 1324 593 1353 nec
617 1325 719 1367 opes
744 1325 973 1367 exposcere
996 1326 1170 1368 parvas:

111 1379 296 1421 cumque
318 1365 593 1424 tridentigero
617 1367 770 1410 tumidi
792 1368 984 1424 genitore
1009 1369 1210 1425 profundi

110 1422 334 1466 mortalem
355 1422 548 1466 induitur
569 1423 771 1476 formam,
794 1425 1073 1481 Phrygioque
1097 1433 1278 1482 tyranno

111 1478 339 1523 aedificant
361 1494 526 1531 muros,
549 1481 664 1537 pacti
687 1496 764 1538 pro
788 1482 1012 1525 moenibus
1037 1497 1202 1525 aurum.

111 1535 253 1579 stabat
275 1550 402 1594 opus:
425 1537 609 1594 pretium
632 1553 709 1581 rex
731 1538 955 1589 inficiatur,
980 1546 1022 1582 et
1045 1539 1176 1590 addit,
1519 1555 1587 1598 205

109 1592 314 1650 perfidiae
337 1594 578 1646 cumulum,
601 1595 720 1637 falsis
743 1596 929 1652 periuria
952 1596 1106 1639 verbis.
1568 1613 1571 1615 ·

111 1654 218 1693 ‘non
241 1649 417 1717 impune
439 1650 581 1702 feres:
605 1659 743 1695 rector
766 1653 894 1695 maris
919 1653 1075 1708 inquit:
1101 1660 1143 1696 et
1167 1667 1313 1697 omnes

43 1715 50 1724 ²
110 1706 334 1750 inclinavlt
356 1721 489 1762 aquas
514 1708 569 1750 ad
593 1724 747 1752 avarae
770 1709 894 1752 litora
912 1702 1085 1752 Troiae.

106 1763 241 1823 inque
263 1763 363 1808 freti
385 1764 567 1807 formam
590 1772 723 1808 terras
747 1766 968 1816 convertit,
993 1781 1181 1823 opesque

111 1820 287 1864 abstulit
309 1820 508 1878 agricolis
531 1829 574 1865 et
597 1822 797 1865 fluctibus
823 1823 965 1865 obruit
988 1838 1128 1880 agros.
1518 1840 1588 1872 210

110 1891 251 1935 poena
271 1891 413 1934 neque
435 1877 542 1921 haec
567 1879 668 1921 satis
693 1887 777 1922 est:
802 1880 915 1936 regis
939 1894 1110 1936 quoque
1134 1880 1220 1923 filia
1244 1889 1433 1925 monstro
1571 1881 1574 1883 ’

110 1935 300 1992 poscitur
322 1949 548 1990 aequoreo.
607 1950 736 1991 quam
761 1937 868 1979 dura
891 1937 947 1979 ad
971 1952 1076 1980 saxa
1098 1937 1332 1981 revinctam

111 1991 301 2035 vindicat
322 1992 520 2043 Alcides,
542 1993 836 2049 promissaque
859 2009 1056 2045 munera,
1081 1994 1216 2037 dictos

110 2048 250 2148 poscit
272 2062 418 2104 equos.
477 2050 668 2105 tantique
692 2050 831 2107 operis
855 2052 1051 2094 mercede
1074 2059 1244 2108 negata,

142 2105 180 2148 is
202 2105 373 2162 periura
396 2106 509 2162 capit
533 2114 758 2162 superatae
781 2108 950 2150 moenia
973 2108 1141 2151 Troiae.
1519 2125 1587 2157 215

110 2176 193 2205 nec
215 2177 315 2219 pars
338 2163 530 2214 militiae,
555 2163 781 2215 Telamon,
806 2165 897 2208 sine
921 2165 1081 2208 honore
1104 2166 1290 2217 recessit,

112 2219 391 2276 Hesioneque
414 2219 515 2262 data
536 2220 708 2277 potitur.
766 2237 867 2264 nam
893 2222 1074 2278 coniuge
1097 2222 1255 2265 Peleus

114 2276 254 2320 clarus
278 2284 369 2319 erat
393 2276 492 2320 diva
499 2292 512 2328 3
536 2291 676 2332 neque
700 2278 770 2321 avi
793 2278 931 2335 magis
954 2279 1025 2322 ille
1049 2279 1239 2335 superbit

112 2331 304 2384 nomine,
329 2347 460 2389 quam
484 2335 637 2377 soceri:
663 2334 699 2377 si
724 2335 898 2390 quidem
920 2335 1037 2379 Iovis
1061 2351 1154 2379 esse
1176 2336 1321 2393 nepoti

113 2388 292 2447 contigit
314 2389 431 2433 haud
453 2391 548 2442 uni,
573 2391 758 2434 coniunx
782 2393 862 2434 dea
887 2393 998 2435 conti
1031 2393 1064 2435 it
1086 2393 1174 2435 uni.
1517 2408 1586 2441 220

169 2446 370 2502 Namque
393 2462 524 2491 senex
547 2448 721 2491 Thetidi
742 2449 948 2500 Proteus,
973 2407 1091 2492 ‘gea'
1117 2450 1282 2493 dixerat
1307 2451 1480 2501 ‘undae‚

111 2503 304 2561 concipe.
362 2512 500 2548 mater
522 2505 604 2548 eris
628 2505 813 2556 iuvenis,
838 2506 913 2561 qui
936 2506 1117 2549 fortibus
1142 2507 1247 2550 actis
1441 2507 1582 2551 [Thetis.

114 2568 211 2604 acta
231 2560 364 2618 patris
387 2561 530 2604 vincet
551 2562 770 2617 maiorque
793 2562 1016 2606 vocabitur
1037 2563 1136 2624 illo<

114 2631 232 2675 erg0,
255 2633 310 2661 ne
334 2617 562 2673 quicquam
587 2620 772 2662 mundus
796 2619 900 2662 Iove
924 2620 1062 2663 maius
1086 2620 1276 2672 haberet,

144 2674 310 2718 uamvis
333 2674 449 2717 haud
473 2675 639 2732 tepidos
664 2676 745 2718 sub
769 2684 940 2733 pectore
965 2685 1153 2720 senserat
1177 2678 1311 2735 ignes,
1516 2692 1584 2725 225

137 2731 308 2788 uppiter
330 2746 566 2788 aequoreae
589 2732 782 2776 Thetidis
807 2733 991 2777 conubia
1013 2735 1126 2791 fugit

111 2786 158 2831 in
182 2803 344 2845 suaque
367 2789 588 2833 Aeaciden
614 2789 840 2835 succedere
865 2798 965 2834 vota
988 2799 1186 2849 nepotem
