1786 3242
385 312 464 355 196
821 316 864 351 Ρ.
892 314 1057 352 OVIDII
1080 312 1296 352 NASONIS

381 403 470 458 ipse
495 414 574 457 ego
597 399 686 441 fata
709 397 783 440 tibi
807 410 1006 452 praesens
1029 410 1125 438 mea
1146 394 1379 450 naufragus
1403 393 1495 436 edo.

383 471 528 513 surge,
553 470 651 511 age,
677 455 732 496 da
753 453 947 495 lacrimas
970 451 1251 508 lugubriaque
1273 450 1415 502 indue,
1439 463 1608 493 nec-me

275 526 359 559 ’670
382 512 689 568 indeploratum
714 510 792 552 sub
817 508 959 551 inania
981 507 1160 550 Tartara
1182 506 1326 549 mitte!

383 569 508 611 adicit
533 567 597 609 his
621 581 768 609 vocem
791 564 1045 621 Morpheus,
1070 578 1198 619 quam
1222 562 1414 619 coniugis
1436 561 1509 605 illa

383 625 570 668 crederet
594 638 686 666 esse
711 622 788 664 sui.
846 622 969 663 fletus
993 634 1163 675 quoque
1186 619 1364 662 fundere
1387 632 1509 662 veros

383 682 497 723 visus
522 687 628 730 erat,
653 685 903 735 gestumque
926 691 1077 719 manus
1102 674 1256 732 Ceycis
1279 674 1475 718 habebat.

383 736 558 794 ingemit
579 736 791 792 Alcyone,
815 733 1008 776 lacrimas
1031 739 1174 775 movet
1196 739 1240 774 at
1269 746 1322 774 ue
1344 731 1522 774 lacertos

294 807 360 839 675
384 809 459 850 per
483 807 695 842 somnum,
721 805 955 846 corpusque
979 796 1125 846 petens
1149 803 1247 854 amp
1264 787 1416 831 ectitur
1438 802 1562 831 auras

385 850 676 903 exclamatque
700 846 861 890 ‘manel
886 860 970 900 quo
994 853 1036 888 te
1060 844 1197 902 rapis?
1220 844 1374 886 1bimus
1398 844 1509 887 una.'

385 921 488 949 voce
513 921 590 947 sua
613 904 837 961 specieque
861 903 940 944 viri
963 902 1132 944 turbata
1155 915 1347 957 soporem

387 962 563 1012 excutit,
589 969 631 1003 et
653 961 788 1017 primo
813 959 848 1001 si
872 959 925 1001 sit
948 958 1230 1014 circumspicit
1251 957 1349 1006 illic,

385 1018 459 1073 qui
481 1018 606 1060 modo
630 1017 745 1059 visus
770 1023 869 1058 erat.
927 1030 1026 1057 nam
1049 1014 1152 1056 moti
1176 1028 1278 1056 voce
1301 1013 1479 1056 ministri

296 1088 363 1120 680
386 1075 613 1117 intulerant
634 1074 790 1116 lumen.
849 1078 1073 1127 postquam
1096 1085 1182 1113 non
1203 1069 1364 1112 invenit
1386 1083 1580 1125 usquam,

386 1130 566 1187 percutit
589 1144 662 1171 ora
685 1144 814 1171 manu
835 1128 1049 1182 laniatque
1075 1143 1100 1169 a
1122 1133 1291 1183 pectore
1314 1133 1451 1169 vestes

386 1194 641 1243 pectoraque
664 1185 756 1241 ipsa
778 1185 888 1227 ferit.
946 1198 1025 1226 nec
1049 1183 1183 1226 crines
1207 1183 1369 1226 solvere
1393 1189 1529 1225 curat:

389 1242 552 1285 scindit.
611 1248 653 1284 et
675 1240 828 1291 altrici,
854 1255 963 1295 quae
985 1240 1123 1282 luctus
1148 1254 1294 1289 causa,
1317 1253 1364 1281 ro
1421 1238 1496 1288 nti,

389 1299 525 1341 ‘nulla
548 1305 612 1341 est
634 1298 848 1352 Alcyone,
872 1297 988 1338 nulla
1011 1296 1091 1339 est’
1117 1296 1186 1338 ait.
1246 1295 1357 1338 ‘occi
1386 1294 1419 1337 it
1442 1309 1528 1337 una

298 1368 363 1401 685
389 1370 486 1397 cum
510 1353 653 1410 Ceyce
678 1368 767 1395 suo.
827 1352 1004 1395 solantia
1027 1352 1158 1394 tollite
1182 1352 1324 1394 verba.

388 1411 621 1467 naufragus
644 1409 812 1452 interiit.
871 1408 957 1450 vidi
981 1408 1219 1464 agnovique
1242 1421 1477 1463 manusque

390 1468 444 1510 ad
469 1467 772 1516 discedentem,
798 1464 970 1521 cupiens
994 1464 1191 1513 retinere,
1216 1463 1387 1507 tetendi.

389 1524 541 1566 umbra
564 1523 664 1573 fuit,
689 1522 763 1564 sed
787 1529 829 1564 et
851 1521 1002 1563 umbra
1025 1529 1166 1563 tamen
1189 1520 1413 1562 manifesta
1435 1519 1598 1574 virique

390 1595 490 1623 vera
513 1579 609 1621 mei.
667 1593 752 1621 non
775 1578 844 1620 ille
869 1578 1058 1632 quidem,
1083 1577 1119 1619 si
1143 1577 1329 1632 quaeris,
1354 1575 1536 1619 habebat

301 1651 367 1682 690
391 1643 580 1678 assuetos
604 1635 764 1685 vultus,
789 1649 867 1676 nec
891 1648 975 1688 quo
999 1633 1116 1690 prius
1140 1648 1211 1676 ore
1235 1633 1408 1675 nitebat.

389 1694 616 1749 pallentem
638 1691 884 1745 nudumque
909 1698 949 1732 et
973 1690 1112 1732 adhuc
1135 1697 1304 1732 umente
1328 1688 1479 1745 capillo

390 1749 538 1792 infelix
562 1748 660 1790 vidi.
720 1747 833 1790 stetit
856 1747 936 1788 11οο
958 1746 1207 1789 miserabilis
1230 1747 1322 1801 ipso

392 1820 490 1848 ecce
513 1805 625 1847 loco’
651 1828 707 1835 -
732 1811 773 1845 et
796 1803 979 1857 quaerit,
1003 1802 1181 1858 vestigia
1205 1802 1241 1844 si
1264 1816 1349 1857 qua
1372 1800 1595 1857 supersint.

394 1862 492 1903 ‘hoc
517 1868 622 1910 erat,
647 1860 745 1909 hoc,
771 1860 909 1900 animo
933 1859 1047 1913 quod
1072 1858 1284 1901 divinante
1306 1857 1520 1907 timebam,

304 1931 369 1964 695
395 1926 435 1960 et
457 1933 511 1960 ne
535 1932 603 1959 me
627 1916 794 1972 fugiens
818 1922 965 1957 ventos
990 1929 1227 1969 sequerere,
1251 1914 1468 1970 rogabam.

394 1982 437 2016 at
461 1980 572 2016 certe
595 1973 766 2022 vellem,
790 1971 988 2026 quoniam
1012 1971 1221 2027 periturus
1246 1970 1406 2020 abibas,

393 2045 461 2072 me
485 2043 654 2085 quoque
678 2028 883 2070 duxisses.
941 2034 1051 2078 tum,
1076 2034 1166 2069 tum
1190 2026 1270 2069 fuit
1292 2026 1395 2069 utile
1418 2033 1558 2070 tecum

393 2086 454 2128 ire
478 2085 597 2127 mihi:
623 2099 760 2140 neque
785 2085 896 2126 enim
921 2084 973 2126 de
998 2084 1109 2126 vitae
1132 2090 1320 2139 tempore
1345 2083 1571 2138 quicquam

394 2156 479 2184 non
504 2142 628 2184 simul
652 2141 850 2197 egissem,
875 2155 953 2182 nec
975 2155 1088 2182 mors
1113 2140 1292 2182 discreta
1315 2139 1476 2182 fuisset.

307 2213 371 2244 700
395 2213 507 2241 1111110
532 2198 682 2240 absens
707 2211 850 2253 pere0,
875 2197 1007 2239 iactor
1030 2210 1198 2251 quoque
1221 2195 1418 2238 fluctibus
1442 2195 1607 2245 01180118,

396 2262 436 2298 et
461 2254 550 2297 sine
573 2269 641 2296 me
665 2269 732 2296 me
755 2261 909 2309 pontus
934 2253 1074 2295 habet,
1134 2252 1341 2295 crudelior
1363 2252 1455 2308 ipso

396 2312 449 2353 sit
472 2311 575 2352 mihi
599 2326 717 2353 mens
741 2310 906 2366 pelago,
932 2309 967 2351 si
991 2309 1120 2351 vitam
1145 2309 1297 2351 ducere
1319 2309 1430 2350 nitar

395 2367 563 2423 longius
587 2375 629 2409 et
652 2373 768 2408 tanto
793 2381 978 2422 pugnem
1004 2380 1222 2422 superesse
1246 2364 1391 2407 dolori.

397 2424 471 2466 sed
494 2437 632 2478 neque
655 2423 855 2479 pugnabo
880 2437 958 2464 nec
981 2429 1041 2472 te,
1066 2421 1319 2471 miserande,
1348 2420 1597 2476 relinquam,

309 2494 373 2526 705
399 2488 440 2523 et
464 2480 540 2522 tibi
563 2494 676 2522 nunc
700 2479 847 2522 saltem
872 2478 1038 2521 veniam
1062 2492 1215 2521 comes.
1273 2477 1402 2532 inque
1426 2477 1631 2534 sepulcro,

397 2537 432 2578 si
456 2550 540 2578 non
564 2551 690 2586 urna,
714 2543 856 2577 tamen
879 2535 1026 2591 iunget
1048 2549 1125 2577 nos
1148 2534 1305 2585 littera3
1330 2533 1366 2576 si
1388 2547 1474 2576 non

399 2592 564 2634 ossibus
588 2606 683 2634 ossa
705 2592 829 2641 meis,
854 2598 896 2633 at
920 2606 1073 2633 nomen
1096 2590 1264 2632 nomine
1287 2589 1488 2646 tangam!

398 2649 520 2704 plura
544 2648 662 2690 dolor
685 2647 896 2703 prohibet,
921 2647 1135 2702 verboque
1158 2646 1382 2689 intervenit
1403 2645 1519 2689 omni

398 2705 588 2759 plangor,
615 2711 656 2746 et
680 2704 854 2746 attonito
877 2704 1060 2760 gemitus
1085 2718 1107 2745 e
1132 2703 1257 2746 corde
1280 2702 1515 2744 trahuntur.

310 2775 375 2805 710
399 2775 522 2802 mane
546 2767 646 2802 erat.
705 2760 920 2816 egreditur,
940 2760 1059 2802 tectis
1084 2759 1138 2801 ad
1159 2759 1258 2801 litus
1281 2766 1323 2803 et
1345 2758 1464 2801 illum

399 2823 559 2858 maesta
583 2817 722 2858 locum
746 2816 914 2872 repetit,
941 2815 993 2858 de
1018 2818 1101 2871 quo
1127 2822 1336 2872 spectarat
1359 2821 1542 2859 euntem.
