1774 3256
307 248 364 291 14
750 258 795 293 Ρ.
822 257 986 295 OVIDII
1008 256 1224 295 NASONIS

306 346 403 382 ante
426 339 537 382 fores
563 339 692 382 stabis
716 339 982 394 mediamque
1005 339 1178 382 tuebere
1202 352 1419 394 quercum.

305 403 436 451 utque
458 411 600 438 meum
623 395 797 438 intonsis
821 403 948 451 caput
971 402 1034 438 est
1052 393 1248 437 iuvenale
1262 409 1312 438 ca
1342 395 1437 447 illis,
1474 423 1476 425 ·

238 487 239 491 ,
306 462 353 494 tu
377 467 543 507 quoque
567 458 791 508 perpetuos
817 467 982 508 semper
1004 466 1105 508 gere
1129 451 1289 494 frondis
1344 451 1521 496 oneres?

215 521 281 553 565

214 802 282 833 570

213 1084 280 1116 575

212 1366 280 1399 580

212 1647 278 1679 585

211 1929 278 1961 590

210 2211 275 2243 595

208 2493 274 2525 600

206 2774 271 2806 605

307 509 469 551 finierat
492 508 651 551 Paean·
709 508 830 550 factis
854 508 980 550 modo
1003 509 1148 551 laurea
1171 508 1297 551 ramis

306 564 469 616 adnuit,
493 572 625 619 utque
649 571 774 621 caput
798 564 890 607 visa
913 572 976 607 est
1000 565 1182 620 agitasse
1207 578 1421 607 cacumen.

360 620 441 663 Est
458 636 607 664 nemus
625 621 918 672 Haemoniae,
927 629 1152 677 praerupta
1169 620 1284 675 quod
1301 620 1487 676 undique
1506 620 1664 664 claudit
1735 678 1738 684 1

306 677 424 720 silva.
478 685 629 719 vocant
653 677 829 733 Tempe.
887 692 964 733 per
986 692 1095 732 quae
1119 677 1289 720 Pene'us
1313 677 1403 720 ab
1390 691 1477 720 uno
1593 677 1665 721 [1⁰-

306 734 465 776 effusus
488 734 627 776 Pindo
652 734 859 789 spumosis
882 734 1065 776 volvitur
1088 734 1211 776 undis

307 791 555 845 deiectuque
578 791 700 847 gravi
722 798 869 833 tenues
894 790 1096 846 agitantia
1119 790 1258 832 fumos

305 847 451 888 nubila
475 847 688 896 conducit,
714 847 971 902 summisque
996 846 1217 913 aspergine
1242 846 1357 889 silvis

304 903 471 959 impluit
494 910 536 946 et
559 903 698 945 sonitu
721 903 816 958 plus
841 917 969 958 quam
993 903 1131 946 vicina
1154 903 1317 959 fatigat.

304 959 410 1002 haec
434 959 603 1026 domus,
627 959 732 1002 haec
756 959 895 1009 sedeS‚
919 959 1024 1002 haec
1049 967 1146 1002 sunt
1169 958 1400 1015 penetralia
1421 958 1568 1016 magni

304 1016 511 1065 Amnis;
500 1032 544 1058 m
567 1015 632 1058 his
655 1015 841 1058 residens
865 1016 978 1058 facto
1003 1016 1055 1058 de
1079 1016 1271 1058 cautibus
1295 1022 1414 1058 antro

303 1073 463 1114 undis'
451 1087 544 1114 lura
568 1072 696 1114 dabat
717 1072 998 1128 nymphisque
1023 1071 1256 1114 colentibus
1279 1071 1431 1115 undas.

305 1128 558 1171 conveniunt
580 1129 680 1171 illuc
703 1129 922 1184 popularia
944 1128 1119 1170 flumina
1142 1128 1338 1184 primum,

303 1185 447 1227 nescia
469 1191 688 1255 gratentur
711 1185 1030 1228 consolenturne
1053 1192 1285 1240 parentem,

303 1241 515 1297 populifer
539 1240 764 1297 Sperchios
789 1249 831 1284 et
853 1241 1111 1296 inrequietus
1135 1240 1324 1297 Enipeus

303 1298 613 1353 Apidanusque
637 1313 766 1341 senex
789 1298 978 1352 lenisque
1002 1297 1269 1364 Amphrysus
1293 1305 1334 1340 et
1357 1298 1494 1350 Aeas;

304 1369 488 1409 moxque
513 1354 675 1396 Amnes
700 1354 788 1404 alii,
813 1354 907 1409 qui,
932 1369 1017 1409 qua
1039 1353 1339 1452 tulit'm1mdpetus
1362 1354 1470 1407 illos,

303 1411 348 1452 in
371 1425 486 1453 mare
512 1410 726 1453 deducunt
748 1411 881 1453 fessas
906 1410 1116 1453 erroribus
1139 1425 1197 1452 un

302 1466 487 1509 Inachus
512 1482 620 1509 unus
645 1467 803 1510 abest'
791 1481 961 1522 1moque
985 1466 1223 1509 reconditus
1248 1473 1367 1509 antro

303 1523 471 1565 fletibus
496 1530 623 1589 auget
647 1537 780 1578 aquas
804 1531 1031 1577 natamque
1054 1523 1311 1565 miserrimus
1334 1523 1384 1566 Io

302 1579 420 1635 luget
443 1586 490 1621 ut
515 1579 724 1621 amissam.
782 1579 934 1630 nescit,
960 1580 1101 1622 vitane
1125 1579 1290 1622 fruatur

304 1651 358 1677 an
382 1636 433 1677 sit
458 1636 573 1691 apud
593 1634 760 1676 Manes.
814 1636 889 1679 sed
913 1650 1041 1702 quam
1064 1650 1149 1678 non
1173 1635 1333 1679 invenit
1355 1650 1550 1692 usquam,

303 1707 394 1734 esse
418 1699 540 1747 putat
562 1706 772 1747 nusquam
795 1699 922 1747 atque
947 1692 1087 1734 animo
1110 1692 1254 1758 peiora
1277 1700 1457 1736 veretur.

302 1748 466 1790 viderat
489 1763 514 1790 a
537 1748 673 1827 patrio
696 1748 940 1791 redeuntem
965 1749 1157 1804 Iuppiter
1178 1748 1294 1790 illam

302 1804 475 1847 flumine
499 1809 575 1846 et‘
584 1819 609 1846 o
634 1804 753 1860 virgo
778 1805 880 1847 Iove
905 1805 1046 1860 digna,
1070 1813 1227 1860 tuoque
1251 1805 1424 1848 beatum

302 1861 443 1902 nescio
468 1874 594 1915 quem
616 1860 781 1903 factura
803 1868 907 1910 toro,
931 1861 1047 1917 pete’
1073 1861 1237 1903 dixerat
1261 1861 1452 1905 ‘umbras

303 1917 482 1958 altorum
506 1917 751 1967 nemorum,'
776 1924 818 1959 et
839 1932 1059 1959 nemorum
1082 1924 1391 1961 monstraverat
1413 1918 1600 1970 umbras,

302 1973 423 2014 ‘dum
449 1973 573 2023 calet,
599 1980 640 2015 et
662 1973 801 2016 medio
827 1973 889 2016 sol
913 1981 976 2016 est
1001 1973 1226 2016 altissimus
1250 1974 1365 2017 orbe.

302 2029 451 2083 quodsi
476 2030 565 2071 sola
589 2030 710 2072 times
733 2030 916 2072 latebras
941 2030 1096 2072 intrare
1120 2029 1319 2081 ferarum,

300 2085 492 2140 praeside
516 2093 607 2127 tuta
631 2086 710 2128 deo
734 2101 953 2128 nemorum
977 2094 1139 2129 secreta
1162 2087 1337 2138 subibis,

300 2156 379 2184 nec
403 2142 455 2184 de
479 2142 603 2198 plebe
628 2142 719 2192 deo,
746 2142 819 2185 sed
844 2142 917 2197 qui
940 2143 1136 2185 caelestia
1158 2158 1315 2199 magna

302 2205 466 2254 sceptra
488 2214 616 2240 manu
639 2205 780 2248 teneo,
806 2200 880 2241 sed
904 2199 977 2253 qui
1000 2214 1111 2265 vaga
1133 2199 1311 2242 fulmina
1333 2200 1466 2242 mitto.

299 2270 352 2296 ne
376 2255 479 2310 fuge
502 2254 607 2297 mel'
633 2255 824 2310 fugiebat
850 2255 974 2298 enim.
1032 2255 1116 2297 iam
1139 2271 1297 2312 pascua
1321 2257 1489 2299 Lernae

300 2311 543 2366 consitaque
568 2311 786 2354 arboribus
810 2312 978 2367 Lyrcea
1001 2313 1227 2367 reliquerat
1249 2328 1363 2364 arva,

300 2382 395 2409 cum
420 2367 523 2410 deus
546 2367 719 2410 inducta
741 2369 847 2410 latas
873 2368 1051 2424 caligine
1074 2376 1205 2411 terras

299 2424 482 2466 occuluit
505 2424 722 2479 tenuitque
746 2425 893 2480 fugam
916 2425 1139 2491 rapuitque
1161 2424 1379 2481 pudorem.

297 2479 457 2522 interea
479 2481 639 2523 medios
663 2481 772 2523 Iuno
797 2481 1023 2537 despexit
1011 2497 1055 2523 111
1078 2496 1216 2537 agros,

299 2544 340 2578 et
362 2536 496 2578 noctis
519 2537 671 2579 faciem
694 2537 870 2580 nebulas
895 2538 1045 2580 fecisse
1069 2538 1260 2580 volucres

298 2592 377 2634 sub
401 2592 533 2634 nitido
557 2594 707 2635 mirata
731 2594 816 2643 die,
841 2609 926 2636 non
948 2594 1132 2636 fluminis
1156 2594 1248 2636 illas

297 2663 389 2691 esse
412 2663 491 2691 nec
514 2650 673 2692 umenti
699 2650 828 2692 sensit
852 2651 1000 2693 tellure
1022 2651 1191 2701 remitti,

297 2712 442 2759 atque,
468 2720 569 2747 suus
595 2706 777 2748 coniunx
799 2707 874 2748 ubi
899 2707 970 2756 sit,
995 2707 1294 2773 circumspicit,
1319 2713 1366 2749 ut
1390 2719 1500 2763 quae

297 2761 490 2818 deprensi
514 2762 663 2805 totiens
687 2762 773 2804 iam
796 2770 936 2806 nosset
959 2763 1072 2805 furta
1095 2763 1245 2805 mariti.
