1786 3242
353 258 435 300 140
796 265 840 300 Ρ.
867 263 1031 302 OVIDII
1053 263 1269 301 NASONIS

351 361 452 404 ergo
476 347 550 389 ubi
574 346 794 388 caelicolae
818 358 970 400 parvos
994 344 1168 400 tetigere
1191 344 1374 387 Penates

352 403 658 457 summissoque
682 401 859 443 humiles
884 401 1090 442 intrarunt
1113 401 1270 443 vertice
1294 408 1448 456 postes,

351 459 541 502 membra
565 473 692 500 senex
715 457 852 523 posito
875 457 996 498 iussit
1019 457 1205 499 relevare
1228 457 1362 506 sedili,

262 526 328 560 630
352 529 436 570 quo
461 529 586 570 super
609 514 751 556 iniecit
773 519 936 556 textum
959 513 1063 555 rude
1087 513 1233 555 sedula
1255 513 1426 556 Baucis.

350 571 448 613 inde
472 570 566 612 foco
591 570 780 626 tepidum
803 569 984 611 cinerem
1009 569 1184 611 dimovit
1207 576 1249 612 et
1270 569 1390 625 ignes

352 627 526 669 suscitat
549 626 765 668 hesternos
788 625 982 679 foliisque
1007 634 1050 668 et
1073 626 1224 668 cortice
1249 626 1359 668 sicco

351 683 482 725 nutrit
505 690 547 725 et
571 683 625 725 ad
647 683 837 724 flammas
862 682 1002 723 anima
1024 682 1217 738 producit
1241 681 1354 732 anili,

352 739 663 794 multifidasque
686 738 801 781 faces
825 738 1081 793 ramaliaque
1105 738 1223 780 arida
1245 744 1355 781 tecto

263 808 327 840 635
354 796 502 838 detulit
526 803 567 838 et
589 795 740 837 minuit
762 809 977 850 parvoque
1002 795 1189 836 admovit
1211 797 1331 837 ae‘no.

352 852 550 907 quodque
574 867 675 893 suus
699 851 881 893 coniunx
905 851 1026 907 riguo
1052 851 1278 906 collegerat
1299 851 1433 900 horto,

352 916 518 950 truncat
541 907 663 950 holus
686 907 810 949 foliis.
869 907 989 949 furca
1011 907 1124 950 levat
1146 908 1215 949 ille
1239 906 1401 950 bicorni

354 964 522 1007 sordida
545 972 665 1020 terga
689 964 775 1006 suis
798 963 919 1019 nigro
943 964 1170 1020 pendentia
1192 964 1330 1019 tigno:

355 1028 604 1075 servatoque
629 1020 702 1062 diu
725 1028 887 1062 resecat
910 1020 963 1062 de
987 1028 1152 1076 tergore
1175 1028 1338 1076 partem

263 1090 330 1122 640
354 1077 570 1133 exiguam,
595 1085 836 1130 sectamque
861 1076 1005 1119 domat
1028 1077 1287 1119 ferventibus
1311 1075 1448 1118 undis.

352 1133 513 1175 interea
535 1133 695 1175 medias
718 1133 871 1175 fallunt
894 1133 1156 1175 sermonibus
1180 1132 1303 1175 horas

354 1189 581 1243 sentirique
605 1204 767 1231 moram
790 1189 1025 1244 prohibent.
1085 1197 1173 1231 erat
1197 1190 1341 1232 alveus
1364 1188 1450 1231 illic

353 1245 567 1301 fagineus,
592 1245 697 1286 dura
721 1246 839 1287 clavo
863 1260 1090 1301 suspensus
1116 1245 1170 1287 ab
1194 1260 1314 1287 ansa:

354 1302 388 1343 is
413 1301 563 1356 tepidis
587 1301 786 1357 impletur
809 1302 928 1356 aquis
953 1309 1151 1356 artusque
1175 1301 1378 1344 fovendos

263 1371 328 1403 645
354 1357 516 1413 accipit.
574 1357 619 1398 in
643 1357 780 1399 medio
803 1365 920 1399 torus
945 1365 1008 1399 est
1035 1358 1087 1400 de
1110 1358 1307 1400 mollibus
1330 1357 1440 1400 ulvis

352 1414 573 1469 impositus
597 1413 719 1464 lecto,
745 1414 906 1468 sponda
929 1413 1192 1469 pedibusque
1216 1413 1402 1469 salignis.

353 1470 540 1511 vestibus
565 1469 678 1512 hunc
701 1470 860 1519 velant,
885 1484 990 1524 quas
1014 1484 1099 1512 non
1123 1469 1204 1512 nisi
1227 1477 1415 1526 tempore
1438 1468 1548 1512 festo

353 1532 536 1568 sternere
561 1534 824 1568 consuerant.
884 1526 958 1568 sed
982 1533 1024 1568 et
1046 1525 1151 1568 haec
1174 1526 1351 1581 vilisque
1375 1532 1585 1581 vetusque

352 1582 479 1624 vestis
505 1589 612 1631 erat,
637 1582 745 1624 lecto
769 1596 853 1623 non
875 1582 1135 1638 indignanda
1158 1583 1333 1639 saligno.

263 1652 329 1684 650
353 1639 587 1680 accubuere
613 1638 692 1680 dei.
750 1653 939 1680 mensam
962 1639 1175 1681 succincta
1198 1646 1463 1693 tremensque

352 1694 470 1750 ponit
494 1709 613 1736 anus.
654 1709 824 1737 mensae
848 1695 923 1737 sed
947 1703 1036 1737 erat
1059 1710 1133 1750 pes
1157 1695 1304 1741 tertius
1328 1695 1483 1750 impar:

352 1758 461 1793 testa
483 1765 629 1805 parem
652 1750 765 1793 fecit.
825 1765 933 1805 quae
957 1758 1181 1806 postquam
1205 1751 1374 1793 subdita
1397 1750 1553 1793 clivum

353 1807 539 1857 sustulit,
564 1813 785 1861 aequat-am
810 1814 976 1849 mentae
999 1815 1154 1850 tersere
1177 1808 1372 1850 virentes.

353 1863 522 1918 ponitur
544 1863 612 1904 hic
638 1863 795 1905 bicolor
819 1864 1004 1906 sincerae
1031 1863 1135 1906 baca
1157 1864 1392 1913 Minervae,

262 1933 327 1964 655
353 1919 604 1973 conditaque
627 1919 671 1961 in
693 1919 854 1973 liquida
877 1934 1004 1961 corna
1028 1920 1287 1962 autumnalia
1310 1920 1429 1962 faece

351 1975 567 2029 intibaque
591 1982 633 2017 et
655 1975 775 2016 radix
799 1983 840 2018 et
863 1976 982 2018 lactis
1006 1991 1144 2018 massa
1168 1977 1315 2026 coacti,

352 2045 515 2085 ovaque
539 2045 621 2072 non
646 2031 731 2073 acri
754 2031 901 2074 leviter
923 2039 1090 2074 versata
1112 2032 1274 2074 favilla:

352 2087 492 2128 omnia
514 2087 723 2129 fictilibus.
779 2095 876 2143 post
899 2087 1003 2130 haec
1027 2089 1210 2131 caelatus
1235 2089 1384 2131 eodem

352 2143 510 2184 sistitur
533 2151 706 2199 argento
731 2152 879 2194 crater,
903 2144 1191 2199 fabricataque
1215 2145 1315 2201 fago

261 2208 327 2244 660
352 2200 521 2254 pocula,
547 2214 631 2254 qua
656 2215 760 2242 cava
785 2208 899 2250 sunt,
923 2201 1302 2256 flaventibus-illita
1325 2201 1444 2244 ceris.

350 2271 481 2310 parva
503 2270 622 2297 mora
645 2264 726 2305 est,
752 2257 981 2311 epulasque
1004 2256 1089 2299 foci
1112 2257 1263 2300 misere
1288 2258 1484 2308 calentes,

350 2326 429 2354 nec
451 2312 603 2367 longae
628 2327 771 2354 rursus
795 2313 1035 2354 referuntur
1059 2314 1157 2355 vina
1181 2321 1387 2364 senectae,

351 2367 535 2422 dantque
559 2368 699 2410 locum
723 2369 877 2411 mensis
901 2370 1074 2425 paulum
1099 2370 1272 2412 seducta
1296 2367 1506 2412 secundis.

350 2423 418 2466 hic
441 2439 547 2474 nUX‚
572 2424 640 2467 hic
663 2425 794 2467 mixta
818 2432 881 2467 est
904 2426 1068 2480 rugosis
1092 2426 1230 2468 carica
1251 2426 1403 2482 palmis

260 2491 325 2523 665
349 2494 569 2535 prunaque
593 2487 634 2523 et
656 2481 699 2522 in
723 2482 878 2537 patulis
901 2482 1133 2524 redolentia
1155 2483 1268 2525 mala
1291 2481 1482 2525 canistris

351 2544 392 2578 et
417 2537 469 2579 de
494 2537 714 2592 purpureis
739 2538 936 2580 collectae
962 2538 1117 2580 vitibus
1140 2554 1262 2581 uvae.

351 2592 554 2634 candidus
578 2594 622 2634 in
645 2594 784 2636 medio
807 2594 930 2635 favus
954 2602 1029 2636 est.
1089 2610 1215 2651 super
1237 2595 1377 2637 omnia
1398 2594 1541 2637 vultus

352 2663 565 2691 accessere
589 2649 708 2700 boni,
733 2665 811 2692 nec
834 2651 945 2693 iners
969 2665 1214 2706 pauperque
1237 2651 1444 2694 voluntas.
1596 2648 1605 2654 ’

352 2704 511 2746 interea
534 2706 726 2759 quotiens
750 2707 948 2748 haustum
973 2714 1135 2750 cratera
1156 2707 1308 2763 repleri

262 2771 329 2804 670
354 2767 501 2816 sponte
526 2776 620 2812 sua,
644 2777 719 2818 per
743 2776 870 2818 seque
895 2763 1038 2806 vident
1063 2778 1325 2809 succrescere
1348 2763 1460 2815 vina,
1518 2758 1532 2772 ⁸
