1786 3242
311 267 395 311 190
745 274 790 310 Ρ.
821 273 986 311 OVIDII
1010 271 1226 311 NASONIS

303 370 511 400 marmore
534 354 727 398 mutavit.
787 368 939 411 corpus
964 361 1213 420 praeterque
1237 353 1419 398 colorem

210 427 279 460 405
305 413 447 456 omnia
470 411 672 461 servavit3
696 409 850 477 lapidis
873 411 987 453 color
1009 410 1188 460 indicat,
1212 410 1332 453 illum

303 469 388 511 iam
411 482 496 510 non
521 482 613 510 esse
636 466 840 522 lupum,
827 481 913 508 lam
937 480 1023 508 non
1047 466 1201 509 debere
1224 465 1373 509 timeri.

303 539 382 568 nec
405 531 546 566 tamen
570 523 650 565 hac
674 522 904 579 profugum
928 523 1153 566 consistere
1171 522 1303 565 Pelea
1324 529 1437 566 terra

303 581 392 623 fata
416 580 575 622 sinunt:
599 579 828 645 Magnetas
853 579 941 621 adit
963 593 1099 645 vagus
1123 579 1220 621 exul
1244 586 1287 622 et
1306 578 1393 622 illio

305 637 432 679 sumit
456 636 510 678 ab
534 635 774 678 Haemonio
797 635 1049 691 purgamina
1072 635 1213 678 caedis
1235 635 1410 678 Acasto.

212 707 281 738 410
360 693 529 735 Interea
552 692 777 746 fratrisque
801 692 867 734 sui
890 691 1146 746 fratremque
1171 691 1325 734 secutis
1517 691 1655 738 Ceyoeet

304 749 431 791 anxia
453 748 656 804 prodigiis
679 748 874 790 turbatus
897 755 1069 804 pectora
1093 746 1230 803 Ceyx,
1504 737 1670 783 ΑῙΨΟΜ·

304 805 497 848 consulat
520 813 567 847 ut
592 819 752 870 sacras,
775 804 993 846 hominum
1017 804 1316 855 oblectamina,
1341 811 1488 856 sortes,

304 862 360 904 ad
385 859 573 904 Clarium
597 868 717 916 parat
740 861 800 903 ire
825 861 965 903 deum.
1023 876 1122 902 nam
1148 868 1232 903 tem
1263 861 1304 903 la
1326 861 1528 917 profanus

303 918 420 960 invia
443 932 540 960 cum
563 917 768 973 Phlegyis
792 917 976 960 faciebat
998 916 1210 973 Delphica
1272 917 1440 961 horbas.

212 988 280 1019 415
305 974 467 1017 consilii
490 981 631 1016 tamen
655 981 752 1016 ante
777 974 861 1023 sui,
884 973 1106 1024 fidissima,
1132 980 1290 1016 certam

305 1038 347 1073 te
370 1030 490 1080 facit,
515 1030 721 1085 Alcyone.
781 1029 849 1072 cui
873 1030 1063 1096 protinus
1086 1029 1234 1072 intima
1256 1030 1392 1087 frigus

306 1101 403 1129 ossa
424 1094 691 1141 receperunt,
716 1086 915 1141 buxoque
939 1086 1174 1128 simillimus
1189 1101 1273 1129 ora

305 1143 439 1199 pallor
462 1142 567 1192 obit,
592 1142 857 1198 lacrimisque
881 1157 1017 1199 genae
1041 1143 1241 1185 maduere
1264 1142 1462 1199 profusis.

304 1207 368 1241 ter
392 1206 542 1241 conata
563 1199 679 1253 loqui
702 1206 766 1241 ter
787 1199 956 1241 fletibus
979 1213 1053 1241 ora
1075 1199 1242 1255 rigavit,

211 1267 282 1300 420
306 1255 577 1311 singultuque
601 1255 692 1310 pias
715 1255 1045 1310 interrumpente
1069 1255 1260 1310 querelas

306 1316 435 1366 ‘quae
458 1326 554 1353 mea
577 1311 703 1367 culpa
726 1311 877 1361 tuam',
903 1312 1008 1353 dixit
1030 1315 1042 1335 ‘
1050 1312 1262 1354 carissime
1270 1343 1282 1363 ,
1305 1319 1490 1356 mentem

234 1408 241 1412 ,
306 1367 456 1433 yertit?
479 1367 553 1409 ubi
578 1375 659 1417 est,
683 1382 792 1422 quae
816 1382 918 1410 cura
940 1368 1023 1410 mei
1046 1368 1160 1423 prior
1182 1383 1274 1411 esse
1298 1369 1483 1413 solebat?

237 1424 241 1427 ’
305 1424 389 1466 iam
412 1430 532 1490 potes
557 1424 751 1479 Alcyone
775 1438 949 1466 securus
974 1424 1123 1466 abesse
1146 1424 1318 1467 relicta?

304 1480 390 1522 iam
413 1480 482 1522 via
505 1480 632 1536 longa
654 1480 818 1546 placet?
852 1480 935 1522 iam
960 1484 1054 1522 'sum
1078 1480 1154 1522 tibi
1178 1481 1314 1523 carior
1335 1481 1515 1525 absens?

214 1546 281 1578 425
307 1544 368 1586 at,
393 1543 509 1592 put0,
534 1551 610 1592 per
633 1544 764 1578 terras
787 1536 867 1579 iter
890 1544 971 1587 est,
996 1543 1243 1592 tantumque
1267 1537 1432 1589 dolebo,

306 1607 391 1635 non
416 1593 542 1635 etiam
565 1600 770 1643 metuam,
796 1607 1004 1648 curaeque
1028 1593 1177 1636 timore
1202 1593 1424 1637 carebunt.

307 1663 491 1703 aequora
513 1663 581 1691 me
605 1656 762 1692 terrent
785 1657 827 1692 et
849 1650 968 1705 ponti
991 1649 1119 1692 tristis
1142 1649 1306 1716 imagol

308 1712 349 1747 et
371 1706 531 1748 laceras
555 1720 690 1761 nuper
713 1706 914 1748 tabulas’
902 1721 946 1747 m
968 1706 1089 1748 litore
1114 1706 1215 1756 vidi,

308 1768 350 1803 et
374 1776 499 1817 saepe
522 1761 567 1803 in
591 1762 763 1804 tumulis
788 1762 878 1804 sine
902 1777 1076 1817 corpore
1099 1763 1270 1804 nomina
1293 1762 1391 1819 legi.

214 1828 283 1860 430
306 1832 414 1860 neve
438 1826 558 1859 tuum
581 1818 732 1860 fallax
725 1818 923 1860 animum
945 1819 1101 1860 fiducia
1123 1825 1283 1874 tangat,

308 1874 422 1940 quod
446 1888 564 1916 socer
587 1874 854 1930 Hippotades
878 1875 955 1916 tibi
979 1875 1052 1924 sit,
1077 1875 1150 1929 qui
1174 1889 1340 1918 carcere
1363 1875 1494 1919 fortes

308 1930 520 1972 contineat
542 1937 689 1972 ventos
714 1937 775 1981 et,
800 1945 897 1972 cum
920 1931 1040 1980 velit,
1066 1945 1250 1986 aequora
1272 1931 1429 1998 placetl

308 2000 405 2029 cum
430 1986 558 2029 semel
582 1987 723 2028 emissi
747 1994 972 2029 tenuerunt
995 2001 1177 2041 aequora
1200 1987 1328 2038 venti,

307 2042 367 2084 nil
390 2042 471 2084 illis
495 2043 670 2085 vetitum
696 2050 777 2093 est,
800 2043 1222 2098 incommendataque
1245 2044 1368 2086 tellus

215 2110 282 2142 435
308 2099 442 2140 omnis
466 2106 509 2141 et
531 2114 655 2141 omne
678 2099 846 2142 fretum.
906 2100 1011 2142 caeli
1034 2114 1203 2155 quoque
1226 2100 1372 2142 nubila
1395 2108 1550 2144 vexant

308 2155 609 2210 excutiuntque
633 2155 732 2198 feris
755 2156 903 2198 rutilos
927 2156 1235 2198 concursibus'
1222 2172 1356 2213 1gnes.

307 2225 392 2266 quo
415 2212 551 2267 magis
574 2212 650 2254 hos
674 2212 774 2254 novi
797 2212 915 2279 (nam
938 2213 1037 2255 novi
1062 2220 1102 2255 et
1127 2228 1252 2269 saepe
1270 2220 1450 2279 paterna

306 2282 440 2323 parva
463 2269 587 2310 domo
611 2269 730 2323 vidi),
755 2269 891 2335 magis
915 2269 995 2311 hoc
1019 2283 1113 2311 reor
1136 2284 1227 2312 esse
1251 2269 1471 2313 timendos.

306 2325 422 2379 quod
445 2332 518 2366 tua
542 2325 577 2367 si
600 2325 711 2367 flecti
734 2325 928 2381 precibus
953 2325 1160 2368 sententia
1181 2325 1320 2377 nullis,

214 2392 284 2424 440
308 2395 423 2431 care,
447 2388 603 2437 potest,
629 2381 830 2432 coniunx,
853 2382 1113 2436 nimiumque
1137 2397 1181 2424 es
1205 2389 1343 2425 certus
1366 2382 1507 2433 eundi,

305 2452 375 2479 me
399 2451 567 2504 quoque
591 2438 689 2480 tolle
713 2414 850 2480 simul.
910 2446 1021 2481 certe
1044 2438 1294 2481 iactabimur
1315 2453 1413 2488 una,

262 2492 265 2495 ’
306 2507 385 2536 nec
392 2525 404 2544 ,
427 2494 509 2535 nisi
533 2508 641 2549 quae
664 2494 813 2550 patiar,
837 2502 1041 2545 metuam3
1065 2495 1304 2550 pariterque
1328 2495 1526 2546 feremus,

248 2577 250 2579 v
307 2549 509 2604 quicquid
533 2551 627 2600 erit3
653 2551 809 2606 pariter
833 2566 959 2606 super
983 2565 1166 2606 aequora
1189 2552 1274 2593 lata¹
1297 2551 1507 2595 feremur?

306 2606 461 2648 talibus
486 2607 678 2649 Aeolidis
702 2607 822 2649 dictis
846 2608 1112 2662 lacrimisque
1135 2615 1330 2650 movetur

215 2675 282 2707 445
308 2662 495 2704 sidereus
520 2664 702 2705 coniunx
726 2662 881 2718 (neque
907 2664 1018 2705 enim
1043 2664 1179 2705 minor
1201 2664 1310 2719 ignis
1322 2664 1378 2706 in
1400 2663 1492 2720 ipso
1517 2665 1620 2721 est);

308 2718 381 2760 sed
404 2733 540 2773 neque
564 2719 799 2785 propositos
823 2720 963 2776 pelagi
987 2720 1194 2763 dimittere
1218 2735 1378 2771 cursus,

307 2788 386 2817 nec
410 2775 499 2817 vult
522 2776 779 2831 Alcyonen
768 2792 812 2817 1n
835 2784 996 2831 partem
1021 2776 1219 2820 adhibere
1243 2777 1406 2833 pericli;
