1774 3256
289 253 785 295 METAMORPHOSEON
806 257 904 294 LIB.
931 258 1016 296 vn.
1041 259 1235 297 262—349.

192 359 195 371 τ
226 342 397 394 petunt:
421 337 691 394 pretiumque
714 338 863 383 iubent
886 339 976 383 sine
999 340 1084 384 fine
1107 341 1278 398 pacisci.

314 393 454 450 spatio
478 393 573 437 silet
596 404 637 437 et
662 395 856 440 dubitare
880 397 1050 440 videtur

72 448 93 481 Τ
127 476 129 480 .
151 472 170 488 .·
191 449 382 505 ·ditque
405 450 570 494 animos
592 451 692 494 ficta
714 453 924 509 gravitate
946 462 1187 511 rogantum.

198 505 275 554 ubi
297 506 484 563 pollicita
507 515 590 558 est,
615 513 720 564 ‘quo
745 509 800 552 sit
822 509 979 553 fiducia
1001 512 1137 554 maior

127 585 169 618 ,·
192 584 209 599 -1
249 584 257 600 ;
286 562 443 615 huius,’
467 564 527 607 ait
549 565 642 620 ‘qui
666 573 828 609 vestras
852 567 1063 610 maximus
1088 583 1195 611 aevo
1220 577 1283 614 est

22 627 24 630 ’
185 619 332 678 gregis
354 620 466 664 inter
487 635 608 671 oves,
633 637 771 679 agnus
795 624 1074 668 medicamine
1097 625 1196 668 fiet.'

66 673 99 729 {s
126 676 183 719 12⁶-
197 691 266 720 »us
286 676 520 721 innumeris
544 678 695 721 effetus
717 679 883 736 laniger
905 681 1026 723 annis

67 738 73 773 f
196 731 300 776 'tur
321 733 434 777 flexo
456 734 616 777 circum
640 750 747 778 cava
770 743 963 793 tempora
986 751 1138 782 cornu:

158 811 162 824 ·
183 823 189 827 »
218 796 268 833 ut
289 790 532 834 Haemonio
554 792 788 835 marcentia
811 800 986 849 guttura
1010 795 1146 839 cultro

17 845 19 848 ’
93 856 108 884 ⁴·
131 854 182 890 nt
203 853 247 890 et
269 847 426 904 exiguo
450 848 681 891 maculavit
704 850 912 906 sanguine
936 851 1110 903 ferrum,

16 907 20 915 ¹
69 903 265 949 membra
286 903 414 947 simul
435 905 612 961 pecudis
636 905 883 962 validosque
908 908 1098 951 venefica
1121 924 1246 953 sucos

16 965 19 968 '
58 969 71 983 ³
101 985 104 996 ι
194 959 227 1004 ‘t
248 959 296 1003 in
317 975 416 1004 aere
439 976 558 1005 cavo.
617 962 815 1006 minuunt
838 979 890 1006 ea
912 965 1100 1031 corporis
1125 974 1257 1019 artus,

16 1050 18 1055 .
57 1046 65 1063 ⁴-
83 1042 89 1053 ι
107 1039 126 1052 ‚‚
156 1031 315 1073 1uaque
338 1026 524 1062 exurunt
545 1033 626 1062 nec
648 1034 734 1062 non
758 1035 858 1063 cum
881 1021 1080 1065 cormbus
1104 1038 1252 1075 annos,

16 1076 115 1133 &fot
134 1080 255 1119 tener
276 1074 449 1118 auditur
470 1076 611 1119 medio
634 1076 801 1120 balatus
825 1081 952 1121 ae‘no:

71 1131 73 1140 ³
112 1152 144 1168 ν·
171 1145 310 1183 mora,
334 1132 526 1175 balatum
548 1133 800 1177 mirantibus
824 1135 942 1178 exilit
965 1151 1103 1193 agnus

23 1200 26 1226 ἰ
52 1186 318 1248 heivitque
340 1189 448 1245 fuga
467 1189 752 1246 lactantiaque
776 1191 910 1235 ubera
934 1194 1112 1248 quaerit.

21 1286 26 1287 γ
49 1244 312 1302 ‘obstipuere
335 1254 452 1290 satae
474 1246 616 1298 Pelia3
641 1248 934 1304 promissaque
958 1258 1186 1306 postquam

12 1303 17 1324 *
80 1322 102 1338 ι»
135 1301 299 1346 'buere
319 1302 468 1353 fidem,
492 1310 585 1346 tum
609 1319 710 1347 vero
733 1305 967 1362 impensius
990 1306 1162 1350 instant.

109 1379 113 1394 =
152 1358 257 1416 iuga
276 1358 482 1403 Phoebus
506 1361 626 1416 equis
648 1361 694 1404 in
717 1362 883 1406 Hibero
906 1363 1081 1407 flumine
1105 1366 1255 1409 mersis

26 1412 326 1473 ''flempserat,
351 1424 393 1460 et
417 1425 570 1472 quarta
592 1419 802 1462 radiantia
824 1427 948 1463 nocte
972 1421 1188 1464 micabant

9 1488 19 1493 ’
34 1470 38 1475 ’
54 1471 224 1524 fidem,
248 1486 348 1516 cum
370 1474 520 1530 rapido
544 1474 676 1517 fallax
699 1476 875 1519 Aeetias
899 1477 990 1534 igni

8 1538 31 1583 ᾗ·
48 1527 244 1586 imponit
266 1545 424 1586 purum
445 1531 614 1575 laticem
639 1539 682 1575 et
706 1533 796 1576 sine
819 1533 981 1577 viribus
1005 1534 1173 1579 herbas.
1214 1558 1218 1561 ·

14 1603 17 1606 ’
46 1583 234 1642 thmque
256 1587 352 1630 neci
375 1587 522 1631 similis
545 1589 732 1632 resoluto
757 1604 932 1647 corpore
956 1607 1104 1648 regem

43 1646 108 1686 ‘t
130 1657 231 1686 cum
252 1659 356 1700 rege
379 1658 457 1687 suo
481 1645 678 1689 custodes
703 1661 876 1690 somnus
902 1648 1101 1700 habebat,

13 1710 21 1731 ³¹
50 1710 78 1757 ς
90 1714 192 1743 uem
215 1699 421 1744 dederant
443 1709 595 1745 cantus
617 1703 897 1759 magicaeque
920 1706 1110 1761 potentia
1133 1706 1318 1764 linguae.

47 1763 268 1801 *nti-aram
289 1757 431 1801 iussae
454 1773 553 1802 cum
577 1757 785 1803 Colchide
809 1761 955 1804 limina
978 1769 1103 1806 natae

0 1812 16 1847 s-
100 1813 383 1870 abieruntque
405 1821 560 1858 torum.
621 1817 746 1872 ‘quid
768 1832 883 1861 nunc
907 1819 1109 1862 dubitatis
1133 1819 1315 1864 inertes?

94 1892 103 1906 ·
121 1869 134 1881 ’
148 1870 273 1928 ·gite'
296 1871 357 1914 ait
379 1872 563 1929 ‘gladios
587 1881 860 1930 veteremque
884 1875 1282 1929 hauritecruorem,

55 1932 112 1971 ut
130 1927 322 1985 repleam
344 1943 503 1972 vacuas
525 1930 713 1974 iuvenali
738 1932 945 1988 sanguine
969 1933 1118 1977 venasl

88 2006 92 2021 ι
124 1984 324 2028 manibus
347 1986 499 2029 vestris
523 1987 618 2030 vita·
635 1995 700 2031 est
723 1995 926 2044 aetasque
949 1991 1150 2047 parentis.

130 2040 252 2085 ‘etas
275 2042 364 2085 ulla
387 2050 471 2094 est,
494 2059 575 2087 nec
600 2059 696 2101 spes
721 2045 891 2102 agitatis
914 2047 1077 2099 inanes,

85 2105 121 2135 1³2
143 2097 247 2141 ’um
270 2107 483 2156 praestate
507 2101 618 2157 patri
641 2102 822 2157 telisque
846 2111 1063 2147 senectam

85 2153 217 2206 ›2⁶⁶oe
241 2163 284 2199 et
306 2156 468 2199 saniem
492 2157 683 2201 coniecto
708 2159 886 2203 emittite
910 2161 1051 2204 ferro?

84 2232 115 2247 >—
129 2242 143 2263 ,
165 2217 215 2254 ut
236 2225 433 2268 quaeque
456 2214 529 2271 pia
552 2222 635 2267 est,
660 2215 897 2259 hortatibus
920 2218 1052 2275 impia
1076 2219 1214 2275 prima
1238 2227 1316 2272 est,

81 2294 84 2300 ι
120 2282 177 2312 ne
199 2268 255 2311 sit
276 2270 501 2323 scelerata,
525 2271 629 2315 facit
653 2273 804 2315 scelus.
863 2274 980 2317 haud
1004 2282 1147 2318 tamen
1170 2276 1278 2320 ictus

126 2346 129 2361 2
166 2339 267 2369 suos
290 2333 483 2383 spectare
506 2336 666 2385 potest,
691 2330 922 2385 oculosque
947 2332 1171 2376 reflectunt

91 2403 93 2406 ·
116 2402 125 2418 ι
165 2402 169 2418 =
190 2397 267 2426 ue
290 2383 395 2427 dant
418 2385 557 2428 saevis
582 2401 756 2429 aversae
779 2388 957 2431 vulnera
981 2389 1154 2432 dextris.

131 2468 146 2490 ,
168 2452 318 2483 cruore
340 2440 498 2492 fluens,
522 2443 667 2486 cubito
691 2450 835 2487 tamen
860 2445 1017 2488 allevat
1041 2453 1157 2489 artus

3 2509 5 2512 ’
44 2494 158 2534 με...
176 2510 360 2552 acerque
383 2505 476 2542 toro
499 2506 679 2555 temptat
703 2515 858 2543 consur
889 2517 980 2554 ere,
1005 2510 1048 2546 et
1070 2503 1181 2547 inter

68 2573 88 2587 «·
137 2553 304 2596 medius
327 2554 493 2611 gladios
516 2556 719 2612 pallentia
742 2557 870 2601 bracc
901 2559 942 2602 ia
965 2560 1143 2603 tendens

20 2626 22 2629 ·
46 2608 184 2664 quid
199 2609 361 2662 facitis,
384 2613 568 2668 gnatae?
590 2613 695 2668 quid
719 2628 795 2656 vos
818 2614 863 2657 in
887 2615 976 2659 fata
999 2618 1187 2674 parentis

3 2692 8 2703 ·
50 2692 58 2714 ς
112 2686 132 2703 ιι
153 2666 232 2710 t?’
255 2667 327 2710 ait.
387 2669 578 2713 cecidere
601 2670 684 2713 illis
710 2671 925 2728 animique
948 2689 1199 2731 manusque.

48 2744 83 2776 -5v
98 2736 176 2766 ura
197 2723 393 2767 locuturo
417 2740 514 2768 cum
537 2727 679 2770 verbis
703 2735 879 2784 gut-tura
903 2727 1076 2774 Colchis

0 2781 11 2838 ξ’
75 2791 77 2794 ⁴
115 2779 242 2831 tulit,
265 2788 308 2824 et
330 2782 479 2827 calidis
501 2783 707 2828 laniatum
730 2786 875 2830 mersit
898 2787 944 2831 in
966 2788 1105 2833 undis.

0 2842 7 2853 ¹
43 2847 51 2855 ”
118 2844 267 2876 ova-3⁸01.
279 2847 320 2878 11.
1177 2857 1201 2893 8

1372 252 1453 296 113

1475 587 1543 621 810

1473 870 1540 903 315

1472 1155 1540 1188 320

1470 1439 1536 1471 325
1606 1415 1614 1423 ⁸

1467 1723 1535 1756 330

1465 2008 1532 2040 335

1462 2293 1530 2325 340

1459 2577 1525 2620 345
