1786 3242
263 573 332 605 535

265 854 333 886 540

265 1134 332 1166 545

362 248 445 291 176
805 255 849 290 P.
875 254 1040 292 OVIDII
1061 252 1278 291 NASONIS

356 337 649 393 piscosamque
675 333 850 377 Gnidon
873 334 1146 390 gravidamve
1170 332 1436 377 Amathunta
1460 333 1662 384 metallis3

357 392 540 435 abstinet
562 398 604 434 et
628 391 763 433 caelo:
790 390 906 433 caelo
930 389 1164 446 praefertur
1186 390 1366 432 Adonis.

357 448 471 490 hunc
493 453 626 497 tenet,
651 446 749 488 huic
773 460 913 489 comes
938 453 1013 496 est,
1039 453 1290 500 assuetaque
1315 460 1480 503 semper
1500 445 1547 490 in
1567 446 1720 490 umbra
1773 465 1775 468 ⁴

356 503 576 559 indulgere
599 502 679 544 sibi
702 502 966 557 formamque
990 517 1147 558 augere
1171 501 1361 552 colendo,

357 574 433 615 per
454 559 575 615 iuga,
598 573 675 614 per
696 558 824 600 silvas
849 558 1109 613 dumosaque
1133 573 1236 600 saxa
1258 565 1451 614 vagatur,

355 616 439 658 fine
463 629 599 671 genus
624 622 784 657 vestem
807 614 891 656 ritu
915 614 1129 656 succincta
1151 613 1338 657 Dianae:
1378 648 1381 650 -

356 671 631 726 hortaturque
657 684 801 713 canes:
826 677 1026 725 tutaeque
1050 670 1247 713 animalia
1269 670 1464 727 praedae,

358 734 431 770 aut
453 741 607 783 pronos
631 727 797 782 lepores
822 734 896 769 aut
919 727 1078 769 celsum
1101 727 1145 768 in
1169 741 1326 769 cornua
1349 741 1523 770 cervum

358 790 432 826 aut
455 783 588 839 agitat
611 783 822 825 dammas:
848 798 874 825 a
896 782 1075 825 fortibus
1101 783 1283 826 abstinet
1305 782 1430 839 apris,

357 846 627 895 raptoresque
651 839 773 894 lupos
798 846 1063 894 armatosque
1087 839 1301 895 unguibus
1325 853 1445 882 ursos

357 896 462 938 vitat
485 902 526 938 et
549 895 727 937 armenti
750 902 956 937 saturatos
981 895 1109 938 caede
1131 896 1287 938 leones.

357 959 398 994 te
423 965 609 1006 quoque,
633 959 682 993 ut
704 951 779 993 hos
804 952 971 1002 timeas,
997 952 1032 993 si
1056 951 1157 1006 quid
1181 951 1382 1007 prodesse
1405 951 1616 996 monendo

356 1008 505 1063 possit,
529 1007 692 1058 Adoni,
717 1015 859 1050 monet
883 1007 1153 1062 “fortis''que
1179 1007 1436 1064 “fugacibus
1460 1008 1582 1052 esto''

356 1063 511 1118 inquit:
537 1063 615 1106 “in
638 1063 820 1106 audaces
844 1078 929 1106 non
953 1072 1015 1106 est
1039 1064 1216 1106 audacia
1239 1071 1343 1106 tuta.

357 1134 482 1175 parce
506 1134 614 1170 meo,
638 1120 821 1170 iuvenis,
846 1120 1090 1163 temerarius
1114 1135 1206 1163 esse
1229 1120 1405 1176 periclo:

357 1190 464 1218 neve
487 1175 617 1225 feram
642 1176 794 1230 quibus
819 1191 935 1218 arma
959 1176 1074 1218 dedit
1096 1183 1266 1227 natura,
1290 1177 1462 1227 lacesse,

358 1238 437 1274 stet
460 1231 564 1273 mihi
586 1246 639 1274 ne
664 1246 820 1287 magno
845 1239 918 1274 tua
941 1232 1088 1288 gloria.
1146 1233 1232 1275 non
1254 1240 1397 1276 movet
1419 1240 1536 1276 aetas

357 1302 436 1330 nec
458 1287 587 1330 facies
611 1302 709 1338 nec,
735 1302 844 1342 quae
868 1288 1080 1331 Venerem
1103 1303 1290 1339 movere,
1315 1290 1457 1332 leones

358 1344 670 1399 saetigerosque
695 1359 791 1386 sues
816 1344 1043 1398 oculosque
1068 1345 1312 1398 animosque
1336 1345 1536 1388 ferarum.

266 1413 336 1446 550
360 1399 522 1442 fulmen
546 1399 703 1443 habent
726 1414 843 1442 acres
867 1400 910 1442 in
934 1400 1108 1442 aduncis
1134 1401 1328 1443 dentibus
1352 1401 1462 1458 apri:

266 1693 332 1725 555

266 1974 333 2006 560

266 2254 331 2286 565

265 2535 332 2567 570

357 1456 540 1511 impetus
565 1463 627 1498 est
651 1456 778 1498 fulvis
803 1463 844 1498 et
868 1464 987 1498 vasta
1010 1457 1201 1499 leonibus
1225 1457 1304 1499 ira:

356 1512 624 1566 invisumque
647 1512 751 1555 mihi
774 1527 909 1568 genus
933 1512 1036 1555 est.'’
1094 1527 1203 1567 quae
1227 1528 1374 1563 causa,
1398 1514 1565 1570 roganti

358 1568 562 1610 “dicam'’
589 1569 646 1610 ait
654 1584 666 1620 3
691 1573 767 1610 “et
789 1569 941 1611 veteris
965 1576 1199 1611 monstrum
1222 1570 1428 1614 mirabere
1453 1570 1617 1627 culpae.

357 1625 431 1667 sed
454 1624 574 1666 labor
596 1625 787 1667 insolitus
810 1624 896 1666 iam
920 1640 987 1667 me
1010 1625 1195 1667 lassavit.
1255 1633 1296 1668 et
1320 1640 1418 1669 ecce

357 1687 592 1736 opportuna
616 1696 692 1723 sua
714 1681 928 1723 blanditur
952 1681 1133 1737 populus
1158 1682 1321 1732 umbra,

359 1737 514 1792 datque
538 1743 677 1779 torum
701 1751 891 1793 caespes:
916 1737 1019 1779 libet
1042 1737 1122 1780 hac
1145 1738 1406 1792 requiescere
1430 1739 1625 1781 tecum:''

357 1800 400 1835 et
421 1793 628 1847 requievit
651 1793 780 1835 humo
803 1793 1037 1849 pressitque
1061 1801 1102 1836 et
1125 1808 1300 1849 gramen
1324 1802 1365 1837 et
1387 1795 1541 1851 ipsum,

357 1849 485 1904 inque
509 1848 604 1891 sinu
626 1849 789 1892 iuvenis
812 1850 948 1905 posita
972 1850 1133 1892 cervice
1156 1851 1322 1893 reclinis

358 1905 419 1947 sic
443 1905 518 1954 ait,
544 1919 593 1947 ac
617 1905 764 1947 mediis
788 1905 998 1948 interserit
1021 1906 1165 1948 oscula
1188 1907 1341 1950 verbis.

358 1961 567 2003 “forsitan
591 1961 772 2004 audieris
796 1962 980 2016 aliquam
1004 1962 1229 2005 certamine
1254 1977 1401 2006 cursus
1473 1963 1656 2016 (ᾼῖαῑαηῑᾱ
1672 1970 1705 2000 et

357 2018 523 2059 veloces
548 2032 768 2073 superasse
793 2018 916 2060 viros.
976 2033 1059 2060 non
1085 2019 1230 2061 fabula
1252 2034 1395 2062 rumor
1458 2008 1717 2055 ffll'l'm‘WQ

357 2073 427 2116 ille
451 2073 532 2115 fuit
555 2072 802 2129 (superabat
824 2074 970 2128 enim),
994 2089 1071 2117 nec
1097 2075 1234 2118 dicere
1257 2090 1415 2132 posses,

358 2129 483 2171 laude
507 2130 682 2185 pedum,
706 2130 920 2173 formaene
944 2130 1055 2172 bono
1079 2132 1357 2187 praestantior
1379 2139 1501 2176 esset.

357 2186 524 2228 scitanti
548 2186 651 2228 deus
675 2186 773 2228 huic
797 2187 850 2229 de
875 2187 1053 2242 coniuge
1078 2188 1351 2244 “‘coniuge''’
1378 2189 1484 2232 dixit

358 2242 464 2284 “‘nil
487 2257 593 2298 opus
618 2249 700 2292 est,
724 2243 944 2293 Atalanta,
969 2244 1058 2285 tibi.
1116 2243 1219 2300 fuge
1243 2244 1434 2300 coniugis
1457 2260 1596 2291 usum.

355 2313 435 2341 nec
457 2305 599 2340 tamen
623 2298 820 2354 effugies,
844 2306 970 2354 teque
993 2299 1085 2355 ipsa
1109 2300 1206 2343 viva
1229 2301 1443 2344 carebis.''’

356 2354 499 2396 territa
523 2361 632 2398 sorte
657 2355 724 2397 dei
748 2370 824 2411 per
847 2370 999 2411 opacas
1022 2356 1182 2399 innuba
1206 2357 1331 2400 silvas

355 2410 459 2452 vivit
483 2418 524 2453 et
546 2411 770 2454 instantem
795 2412 962 2454 turbam
986 2412 1169 2455 violenta
1190 2427 1415 2468 procorum

357 2467 601 2510 condicione
624 2467 766 2523 fugat,
791 2472 916 2511 “‘nec
940 2484 1034 2510 sum
1057 2469 1278 2525 potiunda,
1302 2470 1428 2512 nisi''’
1452 2470 1589 2526 inquit

357 2523 516 2565 “‘victa
539 2524 654 2579 prius
679 2539 818 2566 cursu.
876 2525 1055 2580 pedibus
1080 2526 1316 2569 contendite
1339 2541 1519 2570 mecum.

355 2579 542 2634 praemia
566 2580 699 2624 veloci
724 2581 907 2623 coniunx
930 2581 1187 2636 thalamique
1211 2582 1441 2625 dabuntur:

355 2649 468 2677 mors
492 2636 672 2690 pretium
695 2637 837 2678 tardis.
896 2652 946 2679 ea
969 2638 1039 2680 lex
1062 2638 1299 2681 certaminis
1324 2638 1468 2682 est0.''’

354 2690 426 2732 illa
449 2691 619 2746 quidem
642 2692 832 2735 immitis:
859 2693 932 2735 sed
956 2692 1092 2747 (tanta
1115 2695 1302 2750 potentia
1324 2694 1484 2738 formae
1509 2696 1592 2752 est)

355 2747 469 2789 venit
493 2748 547 2790 ad
571 2747 679 2791 hanc
702 2749 841 2805 legem
864 2750 1085 2793 temeraria
1110 2751 1233 2793 turba
1256 2765 1492 2808 procorum.
