1774 3256
41 2017 43 2024 .
37 1946 44 1957 ..
0 1606 55 1913 [Qaszuwffmfflffl

22 922 57 1395 ια’ῑῐῑήὲΰέὲὃῡὶῖᾒῖψᾶἕᾬῑῖἷῖ
27 867 53 887 .”.
28 813 54 829 Ῐ
28 779 38 787 ³
27 755 29 757 '
24 702 59 712 J

117 484 340 543 permulsit
362 485 645 541 manibusque
668 487 783 530 leves
808 488 985 543 agitavit
1006 488 1209 541 habenas,

31 542 62 585 {s
118 540 312 585 sublimis
334 557 383 584 ra
412 542 498 585 itur
521 543 796 599 subiectaque
819 545 1027 588 Thessala
1050 545 1214 603 Tempe

34 599 35 602 ’
56 620 69 656 3
118 597 299 655 despicit
322 606 365 643 et
428 598 576 643 hreces
600 600 846 657 regionibus
870 602 1056 658 applicat
1079 618 1260 660 angues:

51 665 64 671 ”
117 662 162 700 et
183 669 291 711 quas
315 653 430 699 Ossa
453 656 568 706 tulit,
591 671 699 712 quas
723 658 854 700 altum
879 658 1031 701 Pelion
1054 659 1222 710 herbas,

68 752 70 755 ,
117 710 282 768 Othrys
305 725 414 768 quas
435 712 688 769 Pindusque
712 721 754 756 et
776 714 917 756 Pindo
941 716 1077 758 maior
1101 715 1329 773 Olympus,

114 768 319 836 perspicit
342 769 585 836 &placitas
608 770 763 837 partim
787 771 928 837 radice
952 773 1130 824 revellit,

113 833 269 884 partim
293 825 474 869 succ1d1t
497 841 741 870 curvamine
764 827 885 870 falcls
909 832 1054 872 ae'nae.

114 882 251 926 multa
273 896 444 939 quoque
467 883 659 940 Apidani
681 884 934 950 placuerunt
956 886 1151 942 gramina
1173 887 1289 953 ripis,

112 939 249 990 multa
271 953 442 996 quoque
466 940 722 997 Amphrys13
746 955 886 996 neque
910 957 1003 985 eras
1027 943 1248 995 immunis,
1274 944 1460 1003 Enipeu,

111 1011 195 1041 nec
216 1011 303 1039 non
324 995 497 1040 Peneus
519 1012 598 1040 nec
621 1013 708 1040 non
733 997 1015 1054 Spercheides
1039 1000 1180 1044 undae

113 1053 380 1098 contribuere
403 1053 564 1109 aliquid
586 1055 846 1110 iuncosaque
870 1056 994 1099 litora
1018 1057 1200 1101 Boebes.

113 1110 270 1168 carpsit
293 1117 336 1154 et
358 1109 555 1154 Euboica
577 1112 705 1154 vivax
728 1112 986 1156 Anthedone
1010 1129 1200 1170 gramen,

109 1167 303 1212 nondum
324 1174 488 1210 mutato
512 1168 735 1225 vulgatum
759 1184 935 1226 corpore
962 1169 1131 1215 Glauci.

111 1231 156 1269 ct
175 1224 263 1268 iam
284 1239 400 1268 nona
422 1225 513 1268 dies
537 1240 664 1268 curru
687 1226 922 1283 pennisque
947 1227 1177 1271 draconum

108 1295 308 1338 nonaque
331 1296 418 1325 nox
441 1296 588 1325 omnes
611 1283 860 1326 lustrantem
884 1284 1048 1327 viderat
1072 1300 1211 1342 agros,

110 1353 210 1383 cum
231 1338 369 1382 rediit.
427 1353 567 1394 neque
591 1348 712 1383 erant
735 1341 856 1391 tacti,
881 1341 962 1384 nisi
987 1342 1134 1393 odore,
1161 1343 1384 1389 dracones:

110 1403 155 1440 et
176 1403 320 1439 tamen
343 1410 528 1439 annosae
551 1397 705 1453 pellem
729 1412 909 1453 posuere
934 1408 1141 1443 senectae.

109 1452 298 1496 constitit
321 1453 550 1497 adveniens
575 1454 681 1497 citra
703 1454 918 1510 limenque
941 1456 1140 1511 foresque

110 1517 154 1554 et
176 1517 342 1552 tantum
366 1510 483 1553 caelo
507 1510 678 1567 tegitur,
701 1511 945 1568 refugitque
969 1513 1111 1556 viriles

109 1573 350 1618 contactus,
374 1567 603 1622 statuitque
627 1583 722 1611 aras
745 1584 769 1611 e
794 1569 978 1625 caespite
1003 1570 1138 1621 binas,

109 1623 345 1668 dexteriore
369 1624 574 1675 Hecates,
599 1633 665 1667 ast
686 1626 809 1668 laeva
831 1634 952 1682 parte
975 1627 1195 1671 Iuventae.

108 1680 187 1724 has
209 1680 285 1723 ubi
308 1680 504 1724 verbenis
527 1682 717 1737 silvaque
740 1682 918 1725 incinxit
940 1684 1110 1739 agresti,

74 1737 78 1738 ⁷
107 1737 226 1780 haud
247 1737 395 1794 procul
418 1744 565 1794 egesta
587 1739 808 1782 scrobibus
832 1740 981 1783 tellure
1006 1741 1172 1784 duabus

108 1809 230 1838 sacra
251 1794 355 1838 facit
378 1795 622 1850 cultrosque
645 1796 689 1838 in
712 1804 887 1852 guttura
911 1797 1078 1840 velleris
1110 1799 1190 1841 atri

108 1851 264 1895 conicit
287 1858 330 1896 et
351 1852 518 1908 patulas
542 1852 759 1908 perfundit
782 1854 990 1910 sanguine
1014 1854 1164 1897 fossas.

107 1915 200 1952 tum
224 1923 360 1975 super·
374 1909 600 1966 invergens
623 1910 774 1964 liquidi
797 1911 1013 1954 carchesia
1036 1912 1173 1955 mellis
1186 1943 1196 1954 .
1211 1943 1222 1955 .
1236 1944 1247 1956 .

24 1954 42 1997 jssi
107 1980 326 2022 aeneaque
348 1981 574 2022 mvergens
599 1967 732 2023 tepidi
757 1967 975 2011 carchesia
997 1968 1120 2011 lactis

24 2020 54 2066 {²2-
107 2023 240 2067 verba
263 2022 388 2065 simul
412 2022 523 2066 fudit
546 2031 796 2080 terrenaque
819 2026 997 2068 numina
1021 2026 1123 2068 civit

105 2079 441 2136 umbrarumque
465 2089 589 2138 rogat
611 2089 734 2138 rapta
758 2096 856 2124 cum
881 2082 1061 2138 coniuge
1085 2098 1245 2139 regem,

105 2151 162 2180 ne
183 2151 261 2194 pro
292 2144 411 2180 erent
434 2145 550 2180 artus
574 2139 716 2181 anima
739 2139 937 2182 fraudare
962 2139 1096 2182 senili.

18 2201 34 2218 ³
105 2207 215 2250 quos
237 2209 266 2236 u
297 2193 313 2236 i
335 2193 521 2250 placavit
543 2195 825 2251 precibusque
849 2203 891 2239 et
913 2211 1130 2240 murmure
1153 2197 1296 2254 longo,

22 2250 31 2305 ζ
104 2251 292 2294 Aesonis
316 2250 492 2294 effetum
515 2252 695 2308 proferri
720 2267 874 2309 corpus
899 2253 954 2295 ad
979 2268 1104 2296 auras

104 2307 245 2359 iussit,
270 2315 313 2351 et
335 2308 379 2350 in
402 2308 551 2407 plenos
574 2309 806 2352 resolutum
832 2310 1018 2353 carmine
1043 2324 1214 2353 somnos

105 2364 290 2409 exanimi
314 2365 409 2408 simi
427 2381 495 2408 em
518 2366 659 2409 stratis
682 2367 871 2423 porrexit
894 2367 938 2408 in
962 2366 1118 2410 herbis.

38 2422 43 2426 ’
102 2421 204 2466 hinc
225 2422 373 2479 procul
396 2422 663 2474 Aesoniden,
687 2424 836 2480 procul
859 2423 958 2466 hinc
980 2423 1099 2467 iubet
1121 2424 1183 2468 ire
1206 2424 1420 2468 ministros

104 2486 148 2523 et
169 2486 316 2522 monet
339 2479 502 2523 arcanis
526 2480 673 2523 oculos
696 2495 914 2524 removere
937 2481 1153 2537 profanos.

1 2539 6 2544 '
35 2558 38 2591 3
104 2535 210 2579 diffu
245 2535 337 2579 ‘unt
358 2535 477 2579 iussi.
566 2537 672 2579 assis
696 2536 856 2580 Medea
881 2537 1043 2594 capillis

95 2592 209 2636 'bace
241 2599 387 2636 antum
410 2593 496 2636 ritu
550 2600 747 2649 agrantes
772 2594 920 2637 circuit
943 2610 1052 2646 aras,

101 2650 418 2705 multifidasque
441 2650 557 2693 faces
580 2651 623 2692 in
648 2651 765 2693 fossa
788 2651 1008 2708 sanguinis
1032 2659 1125 2695 atra

14 2709 27 2746 ’ἶ
101 2706 259 2764 tinguit
283 2714 325 2751 et
346 2707 546 2750 intinctas
569 2707 752 2765 geminis
776 2708 971 2751 accendit
992 2708 1036 2751 in
1062 2709 1163 2752 aris:

99 2770 250 2820 terque
273 2779 419 2808 senem
442 2765 634 2816 flamma,
659 2772 724 2808 ter
748 2779 877 2822 aqua,
901 2772 966 2810 ter
989 2765 1191 2824 sulphure
1214 2766 1377 2810 lustrat.

334 231 831 272 METAMORPHOSEON
852 235 950 272 LIB.
977 236 1063 274 VII.
1090 237 1282 275 174—261.
1413 231 1493 274 111

120 327 203 360 neo
224 311 383 357 fi-ustra
405 315 625 358 volucrum
649 324 808 359 tractus
833 317 996 361 cervice
1021 318 1254 362 draconum

51 374 63 399 *¹
115 367 271 416 'eunus
293 369 440 414 adest?
499 373 646 416 aderat
669 373 878 417 demissus
902 374 958 418 ab
982 375 1152 419 aethere
1176 390 1338 420 currus.

57 431 73 486 J
119 441 208 485 quo
230 426 356 470 simul
379 429 569 472 ascendit
592 430 842 486 frenataque
867 432 975 474 colla
998 432 1232 476 draconum

1518 450 1592 483 220

1516 735 1588 768 225

1514 1020 1586 1052 230

1512 1305 1583 1337 235

1509 1588 1581 1622 240

1509 1874 1579 1905 245

1508 2157 1578 2189 250

1504 2440 1574 2472 255

1500 2724 1572 2757 260
