<?xml version="1.0" encoding="UTF-8"?>
<!DOCTYPE html PUBLIC "-//W3C//DTD XHTML 1.0 Transitional//EN"
    "http://www.w3.org/TR/xhtml1/DTD/xhtml1-transitional.dtd">
<html xmlns="http://www.w3.org/1999/xhtml" xml:lang="en" lang="en">
 <head>
  <title>
</title>
<meta http-equiv="Content-Type" content="text/html;charset=utf-8" />
  <meta name='ocr-system' content='tesseract 3.04.00' />
  <meta name='ocr-capabilities' content='ocr_page ocr_carea ocr_par ocr_line ocrx_word'/>
</head>
<body>
  <div class='ocr_page' id='page_1' title='image "./carminao02oviduoft_0290.png"; bbox 0 0 1786 3242; ppageno 0'>
   <div class='ocr_carea' id='block_1_1' title="bbox 286 258 1207 303">
    <p class='ocr_par' dir='ltr' id='par_1_1' title="bbox 286 258 1207 303">
     <span class='ocr_line' id='line_1_1' title="bbox 286 258 1207 303; baseline 0 -1"><span class='ocrx_word' id='word_1_1' title='bbox 286 258 372 302; x_wconf 79' lang='lat'><strong>254</strong></span> <span class='ocrx_word' id='word_1_2' title='bbox 732 266 776 301; x_wconf 89' lang='lat' dir='ltr'><strong>P.</strong></span> <span class='ocrx_word' id='word_1_3' title='bbox 803 265 968 303; x_wconf 87' lang='lat' dir='ltr'>OVIDII</span> <span class='ocrx_word' id='word_1_4' title='bbox 990 264 1207 303; x_wconf 88' lang='lat' dir='ltr'>NASONIS</span> 
     </span>
    </p>
   </div>
   <div class='ocr_carea' id='block_1_2' title="bbox 193 344 1664 2144">
    <p class='ocr_par' dir='ltr' id='par_1_2' title="bbox 193 344 1374 503">
     <span class='ocr_line' id='line_1_2' title="bbox 193 344 1359 404; baseline -0.003 -11"><span class='ocrx_word' id='word_1_5' title='bbox 193 363 261 396; x_wconf 84' lang='lat'><strong>820</strong></span> <span class='ocrx_word' id='word_1_6' title='bbox 284 347 522 404; x_wconf 88' lang='lat' dir='ltr'><strong>impavidus</strong></span> <span class='ocrx_word' id='word_1_7' title='bbox 548 346 789 390; x_wconf 80' lang='lat' dir='ltr'>conscendit</span> <span class='ocrx_word' id='word_1_8' title='bbox 813 360 943 401; x_wconf 90' lang='lat' dir='ltr'><strong>equos</strong></span> <span class='ocrx_word' id='word_1_9' title='bbox 969 344 1184 389; x_wconf 84' lang='lat' dir='ltr'><strong>Gradivus</strong></span> <span class='ocrx_word' id='word_1_10' title='bbox 1209 353 1251 389; x_wconf 86' lang='lat' dir='ltr'><strong>et</strong></span> <span class='ocrx_word' id='word_1_11' title='bbox 1272 346 1359 390; x_wconf 84' lang='lat' dir='ltr'><strong>ictu</strong></span> 
     </span>
     <span class='ocr_line' id='line_1_3' title="bbox 283 403 1374 459; baseline -0.003 -12"><span class='ocrx_word' id='word_1_12' title='bbox 283 404 471 448; x_wconf 88' lang='lat' dir='ltr'><strong>verberis</strong></span> <span class='ocrx_word' id='word_1_13' title='bbox 494 403 720 458; x_wconf 82' lang='lat' dir='ltr'><strong>increpuit,</strong></span> <span class='ocrx_word' id='word_1_14' title='bbox 744 416 987 458; x_wconf 87' lang='lat' dir='ltr'><strong>pronusque</strong></span> <span class='ocrx_word' id='word_1_15' title='bbox 1010 417 1086 458; x_wconf 86' lang='lat' dir='ltr'><strong>per</strong></span> <span class='ocrx_word' id='word_1_16' title='bbox 1110 406 1208 445; x_wconf 76' lang='lat' dir='ltr'><strong>ae&#39;ra</strong></span> <span class='ocrx_word' id='word_1_17' title='bbox 1229 403 1374 459; x_wconf 82' lang='lat' dir='ltr'><strong>lapsus</strong></span> 
     </span>
     <span class='ocr_line' id='line_1_4' title="bbox 285 458 1269 503; baseline -0.003 0"><span class='ocrx_word' id='word_1_18' title='bbox 285 459 470 503; x_wconf 89' lang='lat' dir='ltr'><strong>constitit</strong></span> <span class='ocrx_word' id='word_1_19' title='bbox 492 459 536 501; x_wconf 91' lang='lat' dir='ltr'><strong>in</strong></span> <span class='ocrx_word' id='word_1_20' title='bbox 561 473 725 501; x_wconf 90' lang='lat' dir='ltr'><strong>summo</strong></span> <span class='ocrx_word' id='word_1_21' title='bbox 748 458 958 501; x_wconf 82' lang='lat' dir='ltr'>nemorosi</span> <span class='ocrx_word' id='word_1_22' title='bbox 983 459 1088 501; x_wconf 91' lang='lat' dir='ltr'><strong>colle</strong></span> <span class='ocrx_word' id='word_1_23' title='bbox 1111 458 1269 500; x_wconf 84' lang='lat' dir='ltr'><strong>Palati:</strong></span> 
     </span>
    </p>

    <p class='ocr_par' dir='ltr' id='par_1_3' title="bbox 243 513 1315 626">
     <span class='ocr_line' id='line_1_5' title="bbox 243 513 1258 570; baseline -0.003 -11"><span class='ocrx_word' id='word_1_24' title='bbox 243 532 245 535; x_wconf 87' lang='lat'>·</span> <span class='ocrx_word' id='word_1_25' title='bbox 284 516 613 569; x_wconf 83' lang='lat' dir='ltr'><strong>reddentemque</strong></span> <span class='ocrx_word' id='word_1_26' title='bbox 637 529 713 558; x_wconf 91' lang='lat' dir='ltr'><strong>suo</strong></span> <span class='ocrx_word' id='word_1_27' title='bbox 730 521 822 557; x_wconf 90' lang='lat' dir='ltr'><strong>tum</strong></span> <span class='ocrx_word' id='word_1_28' title='bbox 845 514 963 570; x_wconf 86' lang='lat' dir='ltr'><strong>regia</strong></span> <span class='ocrx_word' id='word_1_29' title='bbox 985 515 1078 557; x_wconf 86' lang='lat' dir='ltr'><strong>iura</strong></span> <span class='ocrx_word' id='word_1_30' title='bbox 1102 513 1258 568; x_wconf 87' lang='lat' dir='ltr'><strong>Quiriti</strong></span> 
     </span>
     <span class='ocr_line' id='line_1_6' title="bbox 286 571 1315 626; baseline 0 -12"><span class='ocrx_word' id='word_1_31' title='bbox 286 572 458 615; x_wconf 90' lang='lat' dir='ltr'><strong>abstulit</strong></span> <span class='ocrx_word' id='word_1_32' title='bbox 481 571 656 614; x_wconf 86' lang='lat' dir='ltr'><strong>Iliaden.</strong></span> <span class='ocrx_word' id='word_1_33' title='bbox 715 585 867 626; x_wconf 90' lang='lat' dir='ltr'><strong>corpus</strong></span> <span class='ocrx_word' id='word_1_34' title='bbox 891 571 1068 613; x_wconf 85' lang='lat' dir='ltr'><strong>mortale</strong></span> <span class='ocrx_word' id='word_1_35' title='bbox 1091 585 1167 626; x_wconf 89' lang='lat' dir='ltr'><strong>per</strong></span> <span class='ocrx_word' id='word_1_36' title='bbox 1191 586 1315 614; x_wconf 86' lang='lat' dir='ltr'><strong>auras</strong></span> 
     </span>
    </p>

    <p class='ocr_par' dir='ltr' id='par_1_4' title="bbox 194 626 1288 850">
     <span class='ocr_line' id='line_1_7' title="bbox 194 626 1242 684; baseline -0.007 -9"><span class='ocrx_word' id='word_1_37' title='bbox 194 644 260 676; x_wconf 86' lang='lat'><strong>825</strong></span> <span class='ocrx_word' id='word_1_38' title='bbox 285 629 494 684; x_wconf 88' lang='lat' dir='ltr'><strong>dilapsum</strong></span> <span class='ocrx_word' id='word_1_39' title='bbox 517 635 683 676; x_wconf 90' lang='lat' dir='ltr'><strong>tenues,</strong></span> <span class='ocrx_word' id='word_1_40' title='bbox 707 634 754 669; x_wconf 89' lang='lat' dir='ltr'><strong>ut</strong></span> <span class='ocrx_word' id='word_1_41' title='bbox 777 626 863 669; x_wconf 87' lang='lat' dir='ltr'><strong>lata</strong></span> <span class='ocrx_word' id='word_1_42' title='bbox 886 627 1087 682; x_wconf 86' lang='lat' dir='ltr'><strong>plumbea</strong></span> <span class='ocrx_word' id='word_1_43' title='bbox 1109 627 1242 669; x_wconf 85' lang='lat' dir='ltr'><strong>funda</strong></span> 
     </span>
     <span class='ocr_line' id='line_1_8' title="bbox 284 683 1288 739; baseline -0.002 -12"><span class='ocrx_word' id='word_1_44' title='bbox 284 685 413 727; x_wconf 87' lang='lat' dir='ltr'><strong>missa</strong></span> <span class='ocrx_word' id='word_1_45' title='bbox 436 684 542 726; x_wconf 88' lang='lat' dir='ltr'><strong>solet</strong></span> <span class='ocrx_word' id='word_1_46' title='bbox 565 683 704 726; x_wconf 90' lang='lat' dir='ltr'><strong>medio</strong></span> <span class='ocrx_word' id='word_1_47' title='bbox 727 683 849 739; x_wconf 88' lang='lat' dir='ltr'><strong>glans</strong></span> <span class='ocrx_word' id='word_1_48' title='bbox 873 683 1133 726; x_wconf 79' lang='lat' dir='ltr'><strong>intabescere</strong></span> <span class='ocrx_word' id='word_1_49' title='bbox 1159 683 1288 726; x_wconf 86' lang='lat' dir='ltr'><strong>eaelo.</strong></span> 
     </span>
     <span class='ocr_line' id='line_1_9' title="bbox 284 739 1250 798; baseline -0.002 -15"><span class='ocrx_word' id='word_1_50' title='bbox 284 740 462 798; x_wconf 90' lang='lat' dir='ltr'><strong>pulchra</strong></span> <span class='ocrx_word' id='word_1_51' title='bbox 486 739 598 782; x_wconf 83' lang='lat' dir='ltr'><strong>subit</strong></span> <span class='ocrx_word' id='word_1_52' title='bbox 621 739 751 782; x_wconf 86' lang='lat' dir='ltr'><strong>facies</strong></span> <span class='ocrx_word' id='word_1_53' title='bbox 776 746 818 782; x_wconf 89' lang='lat' dir='ltr'><strong>et</strong></span> <span class='ocrx_word' id='word_1_54' title='bbox 841 739 1132 795; x_wconf 87' lang='lat' dir='ltr'><strong>pulvinaribus</strong></span> <span class='ocrx_word' id='word_1_55' title='bbox 1157 740 1250 781; x_wconf 88' lang='lat' dir='ltr'><strong>altis</strong></span> 
     </span>
     <span class='ocr_line' id='line_1_10' title="bbox 286 794 1277 850; baseline -0.002 -11"><span class='ocrx_word' id='word_1_56' title='bbox 286 798 328 839; x_wconf 91' lang='lat' dir='ltr'><strong>di</strong></span> <span class='ocrx_word' id='word_1_57' title='bbox 359 797 464 846; x_wconf 92' lang='lat' dir='ltr'><strong>nior,</strong></span> <span class='ocrx_word' id='word_1_58' title='bbox 490 803 552 839; x_wconf 89' lang='lat' dir='ltr'><strong>est</strong></span> <span class='ocrx_word' id='word_1_59' title='bbox 575 795 712 850; x_wconf 87' lang='lat' dir='ltr'><strong>qualis</strong></span> <span class='ocrx_word' id='word_1_60' title='bbox 736 795 913 838; x_wconf 85' lang='lat' dir='ltr'><strong>trabeati</strong></span> <span class='ocrx_word' id='word_1_61' title='bbox 936 795 1073 837; x_wconf 87' lang='lat' dir='ltr'><strong>forma</strong></span> <span class='ocrx_word' id='word_1_62' title='bbox 1097 794 1277 848; x_wconf 85' lang='lat' dir='ltr'><strong>Quirini.</strong></span> 
     </span>
    </p>

    <p class='ocr_par' dir='ltr' id='par_1_5' title="bbox 381 851 1664 907">
     <span class='ocr_line' id='line_1_11' title="bbox 381 851 1664 907; baseline 0.003 -12"><span class='ocrx_word' id='word_1_63' title='bbox 381 853 495 896; x_wconf 88' lang='lat' dir='ltr'><strong>lebat</strong></span> <span class='ocrx_word' id='word_1_64' title='bbox 518 859 566 894; x_wconf 92' lang='lat' dir='ltr'><strong>ut</strong></span> <span class='ocrx_word' id='word_1_65' title='bbox 590 852 790 894; x_wconf 88' lang='lat' dir='ltr'><strong>amissum</strong></span> <span class='ocrx_word' id='word_1_66' title='bbox 815 851 1011 894; x_wconf 86' lang='lat' dir='ltr'><strong>coniunx.</strong></span> <span class='ocrx_word' id='word_1_67' title='bbox 1049 866 1146 893; x_wconf 91' lang='lat' dir='ltr'><strong>cum</strong></span> <span class='ocrx_word' id='word_1_68' title='bbox 1169 852 1288 907; x_wconf 85' lang='lat' dir='ltr'><strong>regia</strong></span> <span class='ocrx_word' id='word_1_69' title='bbox 1309 852 1419 895; x_wconf 83' lang='lat' dir='ltr'><strong>Iuno</strong></span> <span class='ocrx_word' id='word_1_70' title='bbox 1481 861 1664 899; x_wconf 62' lang='lat' dir='ltr'><strong>Her-silim</strong></span> 
     </span>
    </p>

    <p class='ocr_par' dir='ltr' id='par_1_6' title="bbox 193 907 1318 1022">
     <span class='ocr_line' id='line_1_12' title="bbox 193 907 1293 957; baseline -0.002 -5"><span class='ocrx_word' id='word_1_71' title='bbox 193 925 261 957; x_wconf 85' lang='lat'><strong>830</strong></span> <span class='ocrx_word' id='word_1_72' title='bbox 285 909 374 952; x_wconf 88' lang='lat' dir='ltr'><strong>Irin</strong></span> <span class='ocrx_word' id='word_1_73' title='bbox 399 909 453 951; x_wconf 88' lang='lat' dir='ltr'><strong>ad</strong></span> <span class='ocrx_word' id='word_1_74' title='bbox 476 908 706 951; x_wconf 82' lang='lat' dir='ltr'><strong>Hersiliam</strong></span> <span class='ocrx_word' id='word_1_75' title='bbox 730 908 984 950; x_wconf 86' lang='lat' dir='ltr'><strong>descendere</strong></span> <span class='ocrx_word' id='word_1_76' title='bbox 1009 907 1139 950; x_wconf 86' lang='lat' dir='ltr'><strong>limite</strong></span> <span class='ocrx_word' id='word_1_77' title='bbox 1163 922 1293 950; x_wconf 89' lang='lat' dir='ltr'><strong>curvo</strong></span> 
     </span>
     <span class='ocr_line' id='line_1_13' title="bbox 284 964 1318 1022; baseline -0.002 -14"><span class='ocrx_word' id='word_1_78' title='bbox 284 967 464 1022; x_wconf 87' lang='lat' dir='ltr'><strong>imperat</strong></span> <span class='ocrx_word' id='word_1_79' title='bbox 487 973 528 1007; x_wconf 88' lang='lat' dir='ltr'><strong>et</strong></span> <span class='ocrx_word' id='word_1_80' title='bbox 551 979 711 1007; x_wconf 89' lang='lat' dir='ltr'><strong>vacuae</strong></span> <span class='ocrx_word' id='word_1_81' title='bbox 736 979 813 1006; x_wconf 90' lang='lat' dir='ltr'><strong>sua</strong></span> <span class='ocrx_word' id='word_1_82' title='bbox 837 964 897 1006; x_wconf 89' lang='lat' dir='ltr'><strong>sic</strong></span> <span class='ocrx_word' id='word_1_83' title='bbox 919 964 1120 1006; x_wconf 86' lang='lat' dir='ltr'><strong>mandata</strong></span> <span class='ocrx_word' id='word_1_84' title='bbox 1142 964 1318 1007; x_wconf 86' lang='lat' dir='ltr'><strong>referre:</strong></span> 
     </span>
    </p>

    <p class='ocr_par' dir='ltr' id='par_1_7' title="bbox 284 1019 1382 1186">
     <span class='ocr_line' id='line_1_14' title="bbox 286 1019 1174 1076; baseline -0.002 -12"><span class='ocrx_word' id='word_1_85' title='bbox 286 1028 332 1064; x_wconf 92' lang='lat' dir='ltr'><strong>‘o</strong></span> <span class='ocrx_word' id='word_1_86' title='bbox 357 1029 399 1065; x_wconf 90' lang='lat' dir='ltr'><strong>et</strong></span> <span class='ocrx_word' id='word_1_87' title='bbox 422 1022 475 1064; x_wconf 90' lang='lat' dir='ltr'><strong>de</strong></span> <span class='ocrx_word' id='word_1_88' title='bbox 499 1021 646 1070; x_wconf 86' lang='lat' dir='ltr'><strong>Latia,</strong></span> <span class='ocrx_word' id='word_1_89' title='bbox 670 1035 695 1063; x_wconf 94' lang='lat' dir='ltr'><strong>o</strong></span> <span class='ocrx_word' id='word_1_90' title='bbox 719 1029 761 1064; x_wconf 91' lang='lat' dir='ltr'><strong>et</strong></span> <span class='ocrx_word' id='word_1_91' title='bbox 784 1021 836 1063; x_wconf 91' lang='lat' dir='ltr'><strong>de</strong></span> <span class='ocrx_word' id='word_1_92' title='bbox 859 1027 987 1076; x_wconf 89' lang='lat' dir='ltr'><strong>gente</strong></span> <span class='ocrx_word' id='word_1_93' title='bbox 1013 1019 1174 1063; x_wconf 89' lang='lat' dir='ltr'><strong>Sabina</strong></span> 
     </span>
     <span class='ocr_line' id='line_1_15' title="bbox 284 1077 1382 1134; baseline -0.001 -14"><span class='ocrx_word' id='word_1_94' title='bbox 284 1077 577 1134; x_wconf 89' lang='lat' dir='ltr'><strong>praecipuum,</strong></span> <span class='ocrx_word' id='word_1_95' title='bbox 600 1084 809 1127; x_wconf 88' lang='lat' dir='ltr'><strong>matrona,</strong></span> <span class='ocrx_word' id='word_1_96' title='bbox 835 1077 982 1127; x_wconf 90' lang='lat' dir='ltr'><strong>decus,</strong></span> <span class='ocrx_word' id='word_1_97' title='bbox 1008 1077 1255 1132; x_wconf 86' lang='lat' dir='ltr'><strong>dignissima</strong></span> <span class='ocrx_word' id='word_1_98' title='bbox 1277 1077 1382 1119; x_wconf 88' lang='lat' dir='ltr'><strong>tanti</strong></span> 
     </span>
     <span class='ocr_line' id='line_1_16' title="bbox 287 1133 1329 1186; baseline -0.001 -10"><span class='ocrx_word' id='word_1_99' title='bbox 287 1141 384 1177; x_wconf 82' lang='lat' dir='ltr'><strong>ante</strong></span> <span class='ocrx_word' id='word_1_100' title='bbox 408 1133 539 1176; x_wconf 89' lang='lat' dir='ltr'><strong>fuisse</strong></span> <span class='ocrx_word' id='word_1_101' title='bbox 563 1133 660 1183; x_wconf 88' lang='lat' dir='ltr'><strong>viri,</strong></span> <span class='ocrx_word' id='word_1_102' title='bbox 686 1134 869 1175; x_wconf 91' lang='lat' dir='ltr'><strong>coniunx</strong></span> <span class='ocrx_word' id='word_1_103' title='bbox 892 1147 1006 1175; x_wconf 90' lang='lat' dir='ltr'><strong>nunc</strong></span> <span class='ocrx_word' id='word_1_104' title='bbox 1030 1148 1122 1175; x_wconf 90' lang='lat' dir='ltr'><strong>esse</strong></span> <span class='ocrx_word' id='word_1_105' title='bbox 1147 1133 1329 1186; x_wconf 85' lang='lat' dir='ltr'><strong>Quirini,</strong></span> 
     </span>
    </p>

    <p class='ocr_par' dir='ltr' id='par_1_8' title="bbox 194 1190 1433 1469">
     <span class='ocr_line' id='line_1_17' title="bbox 194 1190 1213 1240; baseline -0.008 -2"><span class='ocrx_word' id='word_1_106' title='bbox 194 1205 260 1237; x_wconf 85' lang='lat'><strong>835</strong></span> <span class='ocrx_word' id='word_1_107' title='bbox 286 1191 385 1233; x_wconf 84' lang='lat' dir='ltr'><strong>siste</strong></span> <span class='ocrx_word' id='word_1_108' title='bbox 409 1197 503 1232; x_wconf 91' lang='lat' dir='ltr'><strong>tuos</strong></span> <span class='ocrx_word' id='word_1_109' title='bbox 526 1190 649 1232; x_wconf 90' lang='lat' dir='ltr'><strong>fletus</strong></span> <span class='ocrx_word' id='word_1_110' title='bbox 675 1197 734 1240; x_wconf 92' lang='lat' dir='ltr'><strong>et,</strong></span> <span class='ocrx_word' id='word_1_111' title='bbox 760 1190 794 1231; x_wconf 84' lang='lat' dir='ltr'><strong>si</strong></span> <span class='ocrx_word' id='word_1_112' title='bbox 818 1190 894 1231; x_wconf 88' lang='lat' dir='ltr'><strong>tibi</strong></span> <span class='ocrx_word' id='word_1_113' title='bbox 919 1204 1020 1232; x_wconf 87' lang='lat' dir='ltr'><strong>cura</strong></span> <span class='ocrx_word' id='word_1_114' title='bbox 1042 1190 1213 1232; x_wconf 88' lang='lat' dir='ltr'><strong>videndi</strong></span> 
     </span>
     <span class='ocr_line' id='line_1_18' title="bbox 286 1245 1433 1301; baseline -0.001 -12"><span class='ocrx_word' id='word_1_115' title='bbox 286 1246 476 1301; x_wconf 85' lang='lat' dir='ltr'><strong>coniugis</strong></span> <span class='ocrx_word' id='word_1_116' title='bbox 501 1252 580 1296; x_wconf 89' lang='lat' dir='ltr'><strong>est,</strong></span> <span class='ocrx_word' id='word_1_117' title='bbox 606 1245 713 1288; x_wconf 90' lang='lat' dir='ltr'><strong>duce</strong></span> <span class='ocrx_word' id='word_1_118' title='bbox 737 1260 804 1288; x_wconf 91' lang='lat' dir='ltr'><strong>me</strong></span> <span class='ocrx_word' id='word_1_119' title='bbox 827 1246 971 1288; x_wconf 89' lang='lat' dir='ltr'><strong>lucum</strong></span> <span class='ocrx_word' id='word_1_120' title='bbox 994 1253 1109 1301; x_wconf 93' lang='lat' dir='ltr'><strong>pete,</strong></span> <span class='ocrx_word' id='word_1_121' title='bbox 1135 1246 1239 1288; x_wconf 92' lang='lat' dir='ltr'><strong>colle</strong></span> <span class='ocrx_word' id='word_1_122' title='bbox 1265 1245 1433 1299; x_wconf 81' lang='lat' dir='ltr'><strong>Quirini</strong></span> 
     </span>
     <span class='ocr_line' id='line_1_19' title="bbox 286 1302 1398 1358; baseline -0.001 -13"><span class='ocrx_word' id='word_1_123' title='bbox 286 1303 359 1357; x_wconf 93' lang='lat' dir='ltr'><strong>qui</strong></span> <span class='ocrx_word' id='word_1_124' title='bbox 383 1302 490 1345; x_wconf 90' lang='lat' dir='ltr'><strong>viret</strong></span> <span class='ocrx_word' id='word_1_125' title='bbox 513 1309 555 1344; x_wconf 90' lang='lat' dir='ltr'><strong>et</strong></span> <span class='ocrx_word' id='word_1_126' title='bbox 577 1302 782 1357; x_wconf 91' lang='lat' dir='ltr'><strong>templum</strong></span> <span class='ocrx_word' id='word_1_127' title='bbox 806 1302 988 1344; x_wconf 86' lang='lat' dir='ltr'><strong>Romani</strong></span> <span class='ocrx_word' id='word_1_128' title='bbox 1010 1302 1122 1358; x_wconf 86' lang='lat' dir='ltr'><strong>regis</strong></span> <span class='ocrx_word' id='word_1_129' title='bbox 1147 1302 1398 1345; x_wconf 87' lang='lat' dir='ltr'><strong>obumbrat.’</strong></span> 
     </span>
     <span class='ocr_line' id='line_1_20' title="bbox 285 1358 1313 1415; baseline -0.001 -14"><span class='ocrx_word' id='word_1_130' title='bbox 285 1366 405 1415; x_wconf 88' lang='lat' dir='ltr'><strong>paret</strong></span> <span class='ocrx_word' id='word_1_131' title='bbox 429 1366 470 1400; x_wconf 87' lang='lat' dir='ltr'><strong>et</strong></span> <span class='ocrx_word' id='word_1_132' title='bbox 494 1358 537 1400; x_wconf 90' lang='lat' dir='ltr'><strong>in</strong></span> <span class='ocrx_word' id='word_1_133' title='bbox 561 1365 715 1400; x_wconf 87' lang='lat' dir='ltr'><strong>terram</strong></span> <span class='ocrx_word' id='word_1_134' title='bbox 738 1358 873 1413; x_wconf 88' lang='lat' dir='ltr'><strong>pictos</strong></span> <span class='ocrx_word' id='word_1_135' title='bbox 898 1358 1070 1413; x_wconf 87' lang='lat' dir='ltr'><strong>delapsa</strong></span> <span class='ocrx_word' id='word_1_136' title='bbox 1092 1373 1168 1413; x_wconf 88' lang='lat' dir='ltr'><strong>per</strong></span> <span class='ocrx_word' id='word_1_137' title='bbox 1191 1372 1313 1400; x_wconf 86' lang='lat' dir='ltr'><strong>arcus</strong></span> 
     </span>
     <span class='ocr_line' id='line_1_21' title="bbox 286 1414 1228 1469; baseline -0.001 -13"><span class='ocrx_word' id='word_1_138' title='bbox 286 1414 516 1458; x_wconf 84' lang='lat' dir='ltr'><strong>Hersiliam</strong></span> <span class='ocrx_word' id='word_1_139' title='bbox 539 1414 663 1456; x_wconf 91' lang='lat' dir='ltr'><strong>iussis</strong></span> <span class='ocrx_word' id='word_1_140' title='bbox 688 1414 912 1469; x_wconf 87' lang='lat' dir='ltr'><strong>compellat</strong></span> <span class='ocrx_word' id='word_1_141' title='bbox 935 1414 1110 1456; x_wconf 89' lang='lat' dir='ltr'><strong>vocibus</strong></span> <span class='ocrx_word' id='word_1_142' title='bbox 1135 1415 1228 1457; x_wconf 90' lang='lat' dir='ltr'><strong>Iris.</strong></span> 
     </span>
    </p>

    <p class='ocr_par' dir='ltr' id='par_1_9' title="bbox 195 1470 1629 1752">
     <span class='ocr_line' id='line_1_22' title="bbox 195 1470 1215 1519; baseline -0.001 -6"><span class='ocrx_word' id='word_1_143' title='bbox 195 1487 263 1519; x_wconf 87' lang='lat'><strong>840</strong></span> <span class='ocrx_word' id='word_1_144' title='bbox 285 1471 358 1514; x_wconf 88' lang='lat' dir='ltr'><strong>illa</strong></span> <span class='ocrx_word' id='word_1_145' title='bbox 380 1471 619 1513; x_wconf 87' lang='lat' dir='ltr'><strong>verecundo</strong></span> <span class='ocrx_word' id='word_1_146' title='bbox 644 1470 715 1512; x_wconf 86' lang='lat' dir='ltr'><strong>vix</strong></span> <span class='ocrx_word' id='word_1_147' title='bbox 739 1471 888 1512; x_wconf 89' lang='lat' dir='ltr'><strong>tollens</strong></span> <span class='ocrx_word' id='word_1_148' title='bbox 911 1470 1071 1512; x_wconf 85' lang='lat' dir='ltr'><strong>lumina</strong></span> <span class='ocrx_word' id='word_1_149' title='bbox 1093 1471 1215 1513; x_wconf 87' lang='lat' dir='ltr'><strong>vultu</strong></span> 
     </span>
     <span class='ocr_line' id='line_1_23' title="bbox 287 1526 1629 1583; baseline 0.002 -14"><span class='ocrx_word' id='word_1_150' title='bbox 287 1532 331 1569; x_wconf 91' lang='lat' dir='ltr'><strong>‘o</strong></span> <span class='ocrx_word' id='word_1_151' title='bbox 356 1527 435 1570; x_wconf 89' lang='lat' dir='ltr'><strong>dea</strong></span> <span class='ocrx_word' id='word_1_152' title='bbox 458 1526 660 1581; x_wconf 87' lang='lat' dir='ltr'><strong>(namque</strong></span> <span class='ocrx_word' id='word_1_153' title='bbox 683 1526 786 1568; x_wconf 92' lang='lat' dir='ltr'><strong>mihi</strong></span> <span class='ocrx_word' id='word_1_154' title='bbox 809 1541 887 1569; x_wconf 90' lang='lat' dir='ltr'><strong>nec</strong></span> <span class='ocrx_word' id='word_1_155' title='bbox 911 1540 1020 1580; x_wconf 86' lang='lat' dir='ltr'><strong>quae</strong></span> <span class='ocrx_word' id='word_1_156' title='bbox 1045 1526 1100 1569; x_wconf 88' lang='lat' dir='ltr'><strong>sis</strong></span> <span class='ocrx_word' id='word_1_157' title='bbox 1124 1526 1263 1569; x_wconf 90' lang='lat' dir='ltr'><strong>dicere</strong></span> <span class='ocrx_word' id='word_1_158' title='bbox 1285 1541 1404 1583; x_wconf 91' lang='lat' dir='ltr'><strong>prom</strong></span> <span class='ocrx_word' id='word_1_159' title='bbox 1436 1534 1527 1571; x_wconf 88' lang='lat' dir='ltr'><strong>tum</strong></span> <span class='ocrx_word' id='word_1_160' title='bbox 1550 1535 1629 1579; x_wconf 85' lang='lat' dir='ltr'><strong>est,</strong></span> 
     </span>
     <span class='ocr_line' id='line_1_24' title="bbox 286 1583 1458 1639; baseline 0 -13"><span class='ocrx_word' id='word_1_161' title='bbox 286 1591 328 1626; x_wconf 89' lang='lat' dir='ltr'><strong>et</strong></span> <span class='ocrx_word' id='word_1_162' title='bbox 350 1584 483 1639; x_wconf 89' lang='lat' dir='ltr'><strong>liquet</strong></span> <span class='ocrx_word' id='word_1_163' title='bbox 506 1597 597 1626; x_wconf 90' lang='lat' dir='ltr'><strong>esse</strong></span> <span class='ocrx_word' id='word_1_164' title='bbox 622 1583 777 1639; x_wconf 88' lang='lat' dir='ltr'><strong>deam),</strong></span> <span class='ocrx_word' id='word_1_165' title='bbox 803 1583 905 1632; x_wconf 89' lang='lat' dir='ltr'><strong>duc,</strong></span> <span class='ocrx_word' id='word_1_166' title='bbox 931 1597 956 1625; x_wconf 94' lang='lat' dir='ltr'><strong>o</strong></span> <span class='ocrx_word' id='word_1_167' title='bbox 980 1583 1083 1625; x_wconf 88' lang='lat' dir='ltr'><strong>duc’</strong></span> <span class='ocrx_word' id='word_1_168' title='bbox 1107 1583 1244 1638; x_wconf 92' lang='lat' dir='ltr'><strong>inquit</strong></span> <span class='ocrx_word' id='word_1_169' title='bbox 1267 1587 1329 1626; x_wconf 91' lang='lat' dir='ltr'><strong>‘et</strong></span> <span class='ocrx_word' id='word_1_170' title='bbox 1352 1597 1377 1625; x_wconf 93' lang='grc' dir='ltr'>ο</span> <span class='ocrx_word' id='word_1_171' title='bbox 1412 1598 1458 1628; x_wconf 89' lang='lat' dir='ltr'><strong>er</strong></span> 
     </span>
     <span class='ocr_line' id='line_1_25' title="bbox 286 1639 1412 1696; baseline 0.001 -14"><span class='ocrx_word' id='word_1_172' title='bbox 286 1640 478 1696; x_wconf 86' lang='lat' dir='ltr'><strong>coniugis</strong></span> <span class='ocrx_word' id='word_1_173' title='bbox 502 1654 576 1682; x_wconf 87' lang='lat' dir='ltr'><strong>ora</strong></span> <span class='ocrx_word' id='word_1_174' title='bbox 598 1639 714 1681; x_wconf 89' lang='lat' dir='ltr'><strong>mihi.</strong></span> <span class='ocrx_word' id='word_1_175' title='bbox 773 1653 883 1694; x_wconf 89' lang='lat' dir='ltr'><strong>quae</strong></span> <span class='ocrx_word' id='word_1_176' title='bbox 906 1639 942 1681; x_wconf 89' lang='lat' dir='ltr'><strong>si</strong></span> <span class='ocrx_word' id='word_1_177' title='bbox 965 1639 1091 1682; x_wconf 89' lang='lat' dir='ltr'><strong>modo</strong></span> <span class='ocrx_word' id='word_1_178' title='bbox 1120 1654 1244 1695; x_wconf 91' lang='lat' dir='ltr'><strong>posse</strong></span> <span class='ocrx_word' id='word_1_179' title='bbox 1267 1639 1412 1683; x_wconf 89' lang='lat' dir='ltr'><strong>videre</strong></span> 
     </span>
     <span class='ocr_line' id='line_1_26' title="bbox 286 1695 1411 1752; baseline 0 -14"><span class='ocrx_word' id='word_1_180' title='bbox 286 1697 376 1739; x_wconf 90' lang='lat' dir='ltr'><strong>fata</strong></span> <span class='ocrx_word' id='word_1_181' title='bbox 399 1696 527 1739; x_wconf 91' lang='lat' dir='ltr'><strong>semel</strong></span> <span class='ocrx_word' id='word_1_182' title='bbox 552 1695 760 1745; x_wconf 88' lang='lat' dir='ltr'><strong>dederint,</strong></span> <span class='ocrx_word' id='word_1_183' title='bbox 785 1696 949 1739; x_wconf 89' lang='lat' dir='ltr'><strong>caelum</strong></span> <span class='ocrx_word' id='word_1_184' title='bbox 973 1696 1186 1752; x_wconf 87' lang='lat' dir='ltr'><strong>accepisse</strong></span> <span class='ocrx_word' id='word_1_185' title='bbox 1209 1696 1411 1739; x_wconf 68' lang='lat' dir='ltr'><strong>videbor?</strong></span> 
     </span>
    </p>

    <p class='ocr_par' dir='ltr' id='par_1_10' title="bbox 195 1752 1411 2020">
     <span class='ocr_line' id='line_1_27' title="bbox 195 1752 1411 1808; baseline 0 -13"><span class='ocrx_word' id='word_1_186' title='bbox 195 1768 262 1800; x_wconf 88' lang='lat'><strong>845</strong></span> <span class='ocrx_word' id='word_1_187' title='bbox 286 1767 366 1795; x_wconf 90' lang='lat' dir='ltr'><strong>nec</strong></span> <span class='ocrx_word' id='word_1_188' title='bbox 388 1767 527 1802; x_wconf 88' lang='lat' dir='ltr'><strong>mora,</strong></span> <span class='ocrx_word' id='word_1_189' title='bbox 551 1752 782 1795; x_wconf 88' lang='lat' dir='ltr'><strong>Romuleos</strong></span> <span class='ocrx_word' id='word_1_190' title='bbox 807 1767 904 1794; x_wconf 90' lang='lat' dir='ltr'><strong>cum</strong></span> <span class='ocrx_word' id='word_1_191' title='bbox 927 1752 1092 1808; x_wconf 86' lang='lat' dir='ltr'><strong>virgine</strong></span> <span class='ocrx_word' id='word_1_192' title='bbox 1116 1752 1411 1795; x_wconf 82' lang='lat' dir='ltr'><strong>Thaumantea</strong></span> 
     </span>
     <span class='ocr_line' id='line_1_28' title="bbox 286 1808 1388 1865; baseline -0.001 -14"><span class='ocrx_word' id='word_1_193' title='bbox 286 1809 521 1865; x_wconf 87' lang='lat' dir='ltr'><strong>ingreditur</strong></span> <span class='ocrx_word' id='word_1_194' title='bbox 544 1809 684 1851; x_wconf 89' lang='lat' dir='ltr'><strong>colles.</strong></span> <span class='ocrx_word' id='word_1_195' title='bbox 727 1809 787 1850; x_wconf 91' lang='lat' dir='ltr'><strong>ibi</strong></span> <span class='ocrx_word' id='word_1_196' title='bbox 811 1809 926 1850; x_wconf 89' lang='lat' dir='ltr'><strong>sidus</strong></span> <span class='ocrx_word' id='word_1_197' title='bbox 951 1808 1006 1850; x_wconf 84' lang='lat' dir='ltr'><strong>ab</strong></span> <span class='ocrx_word' id='word_1_198' title='bbox 1031 1808 1198 1852; x_wconf 87' lang='lat' dir='ltr'><strong>aethere</strong></span> <span class='ocrx_word' id='word_1_199' title='bbox 1221 1810 1388 1865; x_wconf 88' lang='lat' dir='ltr'><strong>lapsum</strong></span> 
     </span>
     <span class='ocr_line' id='line_1_29' title="bbox 287 1865 1263 1921; baseline 0 -14"><span class='ocrx_word' id='word_1_200' title='bbox 287 1865 443 1908; x_wconf 90' lang='lat' dir='ltr'><strong>decidit</strong></span> <span class='ocrx_word' id='word_1_201' title='bbox 465 1865 509 1907; x_wconf 94' lang='lat' dir='ltr'><strong>in</strong></span> <span class='ocrx_word' id='word_1_202' title='bbox 532 1872 682 1915; x_wconf 86' lang='lat' dir='ltr'><strong>terras,</strong></span> <span class='ocrx_word' id='word_1_203' title='bbox 707 1880 732 1906; x_wconf 88' lang='lat' dir='ltr'><strong>a</strong></span> <span class='ocrx_word' id='word_1_204' title='bbox 756 1865 876 1907; x_wconf 88' lang='lat' dir='ltr'><strong>cuius</strong></span> <span class='ocrx_word' id='word_1_205' title='bbox 898 1865 1056 1907; x_wconf 89' lang='lat' dir='ltr'><strong>lumine</strong></span> <span class='ocrx_word' id='word_1_206' title='bbox 1079 1865 1263 1921; x_wconf 85' lang='lat' dir='ltr'><strong>flagrans</strong></span> 
     </span>
     <span class='ocr_line' id='line_1_30' title="bbox 286 1921 1318 1964; baseline 0.001 -1"><span class='ocrx_word' id='word_1_207' title='bbox 286 1921 472 1964; x_wconf 86' lang='lat' dir='ltr'><strong>Hersilia</strong></span> <span class='ocrx_word' id='word_1_208' title='bbox 495 1936 519 1963; x_wconf 95' lang='lat' dir='ltr'><strong>e</strong></span> <span class='ocrx_word' id='word_1_209' title='bbox 543 1921 661 1963; x_wconf 90' lang='lat' dir='ltr'><strong>clivis</strong></span> <span class='ocrx_word' id='word_1_210' title='bbox 686 1935 783 1963; x_wconf 92' lang='lat' dir='ltr'><strong>cum</strong></span> <span class='ocrx_word' id='word_1_211' title='bbox 806 1921 942 1964; x_wconf 88' lang='lat' dir='ltr'><strong>sidere</strong></span> <span class='ocrx_word' id='word_1_212' title='bbox 966 1921 1091 1963; x_wconf 89' lang='lat' dir='ltr'><strong>cessit</strong></span> <span class='ocrx_word' id='word_1_213' title='bbox 1113 1921 1155 1963; x_wconf 92' lang='lat' dir='ltr'><strong>in</strong></span> <span class='ocrx_word' id='word_1_214' title='bbox 1181 1937 1318 1964; x_wconf 87' lang='lat' dir='ltr'><strong>auras.</strong></span> 
     </span>
     <span class='ocr_line' id='line_1_31' title="bbox 286 1977 1342 2020; baseline 0 0"><span class='ocrx_word' id='word_1_215' title='bbox 286 1978 396 2020; x_wconf 89' lang='lat' dir='ltr'><strong>hanc</strong></span> <span class='ocrx_word' id='word_1_216' title='bbox 419 1977 613 2019; x_wconf 88' lang='lat' dir='ltr'><strong>manibus</strong></span> <span class='ocrx_word' id='word_1_217' title='bbox 637 1977 748 2019; x_wconf 90' lang='lat' dir='ltr'><strong>notis</strong></span> <span class='ocrx_word' id='word_1_218' title='bbox 771 1977 990 2020; x_wconf 87' lang='lat' dir='ltr'><strong>Romanae</strong></span> <span class='ocrx_word' id='word_1_219' title='bbox 1015 1978 1204 2020; x_wconf 89' lang='lat' dir='ltr'><strong>conditor</strong></span> <span class='ocrx_word' id='word_1_220' title='bbox 1227 1978 1342 2020; x_wconf 87' lang='lat' dir='ltr'><strong>urbis</strong></span> 
     </span>
    </p>

    <p class='ocr_par' dir='ltr' id='par_1_11' title="bbox 194 2033 1648 2144">
     <span class='ocr_line' id='line_1_32' title="bbox 194 2033 1387 2090; baseline -0.002 -13"><span class='ocrx_word' id='word_1_221' title='bbox 194 2050 263 2082; x_wconf 88' lang='lat'><strong>850</strong></span> <span class='ocrx_word' id='word_1_222' title='bbox 287 2033 442 2090; x_wconf 90' lang='lat' dir='ltr'><strong>excipit</strong></span> <span class='ocrx_word' id='word_1_223' title='bbox 466 2040 508 2076; x_wconf 93' lang='lat' dir='ltr'><strong>et</strong></span> <span class='ocrx_word' id='word_1_224' title='bbox 530 2034 714 2089; x_wconf 85' lang='lat' dir='ltr'><strong>priscum</strong></span> <span class='ocrx_word' id='word_1_225' title='bbox 737 2033 893 2088; x_wconf 88' lang='lat' dir='ltr'><strong>pariter</strong></span> <span class='ocrx_word' id='word_1_226' title='bbox 916 2048 1012 2075; x_wconf 89' lang='lat' dir='ltr'><strong>cum</strong></span> <span class='ocrx_word' id='word_1_227' title='bbox 1037 2047 1210 2090; x_wconf 87' lang='lat' dir='ltr'><strong>corpore</strong></span> <span class='ocrx_word' id='word_1_228' title='bbox 1233 2048 1387 2077; x_wconf 89' lang='lat' dir='ltr'><strong>nomen</strong></span> 
     </span>
     <span class='ocr_line' id='line_1_33' title="bbox 286 2089 1648 2144; baseline 0.002 -12"><span class='ocrx_word' id='word_1_229' title='bbox 286 2098 420 2133; x_wconf 89' lang='lat' dir='ltr'><strong>mutat</strong></span> <span class='ocrx_word' id='word_1_230' title='bbox 437 2090 686 2144; x_wconf 88' lang='lat' dir='ltr'><strong>Horamque</strong></span> <span class='ocrx_word' id='word_1_231' title='bbox 705 2097 841 2139; x_wconf 88' lang='lat' dir='ltr'><strong>vocat,</strong></span> <span class='ocrx_word' id='word_1_232' title='bbox 860 2103 969 2144; x_wconf 90' lang='lat' dir='ltr'><strong>quae</strong></span> <span class='ocrx_word' id='word_1_233' title='bbox 988 2104 1102 2132; x_wconf 91' lang='lat' dir='ltr'><strong>nunc</strong></span> <span class='ocrx_word' id='word_1_234' title='bbox 1121 2090 1200 2132; x_wconf 89' lang='lat' dir='ltr'><strong>dea</strong></span> <span class='ocrx_word' id='word_1_235' title='bbox 1217 2090 1360 2133; x_wconf 87' lang='lat' dir='ltr'><strong>iuncta</strong></span> <span class='ocrx_word' id='word_1_236' title='bbox 1373 2089 1552 2144; x_wconf 90' lang='lat' dir='ltr'><strong>Quirino</strong></span> <span class='ocrx_word' id='word_1_237' title='bbox 1571 2098 1648 2135; x_wconf 89' lang='lat' dir='ltr'><strong>est.</strong></span> 
     </span>
    </p>
   </div>
   <div class='ocr_carea' id='block_1_3' title="bbox 1738 0 1786 842">
    <p class='ocr_par' dir='ltr' id='par_1_12' title="bbox 1738 0 1786 842">
     <span class='ocr_line' id='line_1_34' title="bbox 1738 0 1786 842; baseline 0 0"><span class='ocrx_word' id='word_1_238' title='bbox 1738 0 1786 842; x_wconf 95' lang='lat' dir='ltr'><strong> </strong></span> 
     </span>
    </p>
   </div>
   <div class='ocr_carea' id='block_1_4' title="bbox 630 2268 1294 2311">
    <p class='ocr_par' dir='ltr' id='par_1_13' title="bbox 630 2268 1294 2311">
     <span class='ocr_line' id='line_1_35' title="bbox 630 2268 1294 2311; baseline 0 -7"><span class='ocrx_word' id='word_1_239' title='bbox 630 2268 785 2304; x_wconf 87' lang='lat' dir='ltr'>LIBER</span> <span class='ocrx_word' id='word_1_240' title='bbox 809 2268 1035 2311; x_wconf 82' lang='lat' dir='ltr'><strong>QUINTUS</strong></span> <span class='ocrx_word' id='word_1_241' title='bbox 1057 2268 1294 2306; x_wconf 84' lang='lat' dir='ltr'>DECIMUS.</span> 
     </span>
    </p>
   </div>
   <div class='ocr_carea' id='block_1_5' title="bbox 239 2372 1646 2823">
    <p class='ocr_par' dir='ltr' id='par_1_14' title="bbox 239 2372 1646 2823">
     <span class='ocr_line' id='line_1_36' title="bbox 286 2372 1646 2427; baseline 0 -12"><span class='ocrx_word' id='word_1_242' title='bbox 286 2372 519 2427; x_wconf 87' lang='lat' dir='ltr'><strong>Quaeritur</strong></span> <span class='ocrx_word' id='word_1_243' title='bbox 541 2372 719 2423; x_wconf 89' lang='lat' dir='ltr'><strong>interea,</strong></span> <span class='ocrx_word' id='word_1_244' title='bbox 745 2372 839 2427; x_wconf 90' lang='lat' dir='ltr'><strong>quis</strong></span> <span class='ocrx_word' id='word_1_245' title='bbox 863 2379 1004 2415; x_wconf 89' lang='lat' dir='ltr'><strong>tantae</strong></span> <span class='ocrx_word' id='word_1_246' title='bbox 1059 2373 1215 2415; x_wconf 90' lang='lat' dir='ltr'><strong>ondera</strong></span> <span class='ocrx_word' id='word_1_247' title='bbox 1237 2372 1359 2415; x_wconf 92' lang='lat' dir='ltr'><strong>molis</strong></span> <span class='ocrx_word' id='word_1_248' title='bbox 1512 2384 1646 2421; x_wconf 71' lang='lat' dir='ltr'><strong>Numa,</strong></span> 
     </span>
     <span class='ocr_line' id='line_1_37' title="bbox 286 2429 1239 2484; baseline 0 -13"><span class='ocrx_word' id='word_1_249' title='bbox 286 2429 491 2472; x_wconf 88' lang='lat' dir='ltr'><strong>sustineat</strong></span> <span class='ocrx_word' id='word_1_250' title='bbox 513 2436 714 2483; x_wconf 88' lang='lat' dir='ltr'><strong>tantoque</strong></span> <span class='ocrx_word' id='word_1_251' title='bbox 737 2435 865 2483; x_wconf 89' lang='lat' dir='ltr'><strong>queat</strong></span> <span class='ocrx_word' id='word_1_252' title='bbox 888 2443 1011 2471; x_wconf 88' lang='lat' dir='ltr'><strong>succe</strong></span> <span class='ocrx_word' id='word_1_253' title='bbox 1043 2444 1112 2471; x_wconf 89' lang='lat' dir='ltr'><strong>ere</strong></span> <span class='ocrx_word' id='word_1_254' title='bbox 1135 2429 1239 2484; x_wconf 88' lang='lat' dir='ltr'><strong>regi.</strong></span> 
     </span>
     <span class='ocr_line' id='line_1_38' title="bbox 286 2482 1268 2541; baseline 0 -14"><span class='ocrx_word' id='word_1_255' title='bbox 286 2485 468 2528; x_wconf 90' lang='lat' dir='ltr'><strong>destinat</strong></span> <span class='ocrx_word' id='word_1_256' title='bbox 490 2485 665 2541; x_wconf 90' lang='lat' dir='ltr'><strong>imperio</strong></span> <span class='ocrx_word' id='word_1_257' title='bbox 690 2485 850 2527; x_wconf 88' lang='lat' dir='ltr'><strong>clarum</strong></span> <span class='ocrx_word' id='word_1_258' title='bbox 874 2485 1124 2540; x_wconf 85' lang='lat' dir='ltr'><strong>praenuntia</strong></span> <span class='ocrx_word' id='word_1_259' title='bbox 1141 2485 1235 2540; x_wconf 28' lang='lat' dir='ltr'><strong>‚veri</strong></span> <span class='ocrx_word' id='word_1_260' title='bbox 1261 2482 1268 2486; x_wconf 59' lang='grc'><em>”</em></span> 
     </span>
     <span class='ocr_line' id='line_1_39' title="bbox 284 2540 1420 2597; baseline 0.002 -14"><span class='ocrx_word' id='word_1_261' title='bbox 284 2541 400 2584; x_wconf 81' lang='lat' dir='ltr'><strong>fama</strong></span> <span class='ocrx_word' id='word_1_262' title='bbox 422 2541 621 2584; x_wconf 86' lang='lat' dir='ltr'><strong>Numam.</strong></span> <span class='ocrx_word' id='word_1_263' title='bbox 680 2555 765 2583; x_wconf 90' lang='lat' dir='ltr'><strong>non</strong></span> <span class='ocrx_word' id='word_1_264' title='bbox 787 2541 857 2583; x_wconf 92' lang='lat' dir='ltr'><strong>ille</strong></span> <span class='ocrx_word' id='word_1_265' title='bbox 882 2540 982 2582; x_wconf 89' lang='lat' dir='ltr'><strong>satis</strong></span> <span class='ocrx_word' id='word_1_266' title='bbox 1006 2555 1210 2597; x_wconf 88' lang='lat' dir='ltr'><strong>cognosse</strong></span> <span class='ocrx_word' id='word_1_267' title='bbox 1236 2540 1420 2586; x_wconf 85' lang='lat' dir='ltr'><strong>Sabinae</strong></span> 
     </span>
     <span class='ocr_line' id='line_1_40' title="bbox 239 2597 1239 2654; baseline -0.004 -12"><span class='ocrx_word' id='word_1_268' title='bbox 239 2611 260 2642; x_wconf 90' lang='lat'>5</span> <span class='ocrx_word' id='word_1_269' title='bbox 284 2598 423 2654; x_wconf 88' lang='lat' dir='ltr'><strong>gentis</strong></span> <span class='ocrx_word' id='word_1_270' title='bbox 447 2597 576 2640; x_wconf 90' lang='lat' dir='ltr'><strong>habet</strong></span> <span class='ocrx_word' id='word_1_271' title='bbox 598 2597 721 2640; x_wconf 86' lang='lat' dir='ltr'><strong>ritus:</strong></span> <span class='ocrx_word' id='word_1_272' title='bbox 746 2597 887 2639; x_wconf 88' lang='lat' dir='ltr'><strong>animo</strong></span> <span class='ocrx_word' id='word_1_273' title='bbox 911 2597 1071 2639; x_wconf 88' lang='lat' dir='ltr'><strong>maiora</strong></span> <span class='ocrx_word' id='word_1_274' title='bbox 1095 2597 1239 2653; x_wconf 83' lang='lat' dir='ltr'><strong>capaci</strong></span> 
     </span>
     <span class='ocr_line' id='line_1_41' title="bbox 285 2653 1328 2710; baseline 0 -14"><span class='ocrx_word' id='word_1_275' title='bbox 285 2654 467 2710; x_wconf 88' lang='lat' dir='ltr'><strong>concipit</strong></span> <span class='ocrx_word' id='word_1_276' title='bbox 490 2662 550 2704; x_wconf 88' lang='lat' dir='ltr'><strong>et,</strong></span> <span class='ocrx_word' id='word_1_277' title='bbox 575 2668 685 2708; x_wconf 90' lang='lat' dir='ltr'><strong>quae</strong></span> <span class='ocrx_word' id='word_1_278' title='bbox 709 2653 762 2696; x_wconf 87' lang='lat' dir='ltr'><strong>sit</strong></span> <span class='ocrx_word' id='word_1_279' title='bbox 784 2668 925 2696; x_wconf 89' lang='lat' dir='ltr'><strong>rerum</strong></span> <span class='ocrx_word' id='word_1_280' title='bbox 949 2661 1118 2704; x_wconf 88' lang='lat' dir='ltr'><strong>natura,</strong></span> <span class='ocrx_word' id='word_1_281' title='bbox 1141 2653 1328 2708; x_wconf 90' lang='lat' dir='ltr'><strong>requirit.</strong></span> 
     </span>
     <span class='ocr_line' id='line_1_42' title="bbox 284 2707 1366 2766; baseline 0 -14"><span class='ocrx_word' id='word_1_282' title='bbox 284 2710 410 2752; x_wconf 88' lang='lat' dir='ltr'><strong>huius</strong></span> <span class='ocrx_word' id='word_1_283' title='bbox 435 2725 553 2752; x_wconf 87' lang='lat' dir='ltr'><strong>amor</strong></span> <span class='ocrx_word' id='word_1_284' title='bbox 577 2724 721 2760; x_wconf 86' lang='lat' dir='ltr'><strong>curae,</strong></span> <span class='ocrx_word' id='word_1_285' title='bbox 745 2709 881 2766; x_wconf 81' lang='lat' dir='ltr'><strong>patria</strong></span> <span class='ocrx_word' id='word_1_286' title='bbox 905 2707 1176 2765; x_wconf 87' lang='lat' dir='ltr'><strong>Curibusque</strong></span> <span class='ocrx_word' id='word_1_287' title='bbox 1199 2710 1366 2761; x_wconf 91' lang='lat' dir='ltr'><strong>relictis,</strong></span> 
     </span>
     <span class='ocr_line' id='line_1_43' title="bbox 283 2765 1417 2823; baseline 0.001 -15"><span class='ocrx_word' id='word_1_288' title='bbox 283 2765 402 2817; x_wconf 87' lang='lat' dir='ltr'><strong>fecit,</strong></span> <span class='ocrx_word' id='word_1_289' title='bbox 427 2773 473 2808; x_wconf 91' lang='lat' dir='ltr'><strong>ut</strong></span> <span class='ocrx_word' id='word_1_290' title='bbox 496 2766 698 2810; x_wconf 90' lang='lat' dir='ltr'><strong>Herculei</strong></span> <span class='ocrx_word' id='word_1_291' title='bbox 721 2773 958 2823; x_wconf 89' lang='lat' dir='ltr'><strong>penetraret</strong></span> <span class='ocrx_word' id='word_1_292' title='bbox 981 2766 1035 2808; x_wconf 90' lang='lat' dir='ltr'><strong>ad</strong></span> <span class='ocrx_word' id='word_1_293' title='bbox 1058 2766 1233 2823; x_wconf 86' lang='lat' dir='ltr'><strong>hospitis</strong></span> <span class='ocrx_word' id='word_1_294' title='bbox 1257 2767 1417 2810; x_wconf 90' lang='lat' dir='ltr'><strong>urbem.</strong></span> 
     </span>
    </p>
   </div>
  </div>
 </body>
</html>
