1786 3242
327 789 370 821 10

326 1070 368 1102 15

324 1351 369 1383 20

324 1632 366 1664 25

322 1913 366 1945 30

321 2193 363 2224 35

318 2475 364 2507 40

317 2755 361 2786 45

397 293 479 337 164
839 302 882 337 Ρ.
909 302 1075 340 oV1D11
1099 301 1314 340 NASONIS

394 384 545 434 tendit,
571 390 611 426 et
638 381 813 449 Orphea
835 383 1093 438 nequiquam
1117 397 1219 426 voce
1243 391 1431 428 vocatur.

395 441 531 483 adfuit
552 439 622 482 ille
646 439 835 494 qu1dem,
861 439 936 482 sed
959 453 1038 482 nec
1061 440 1278 483 sollemnia
1302 441 1431 484 verba

395 511 473 539 nec
495 497 625 538 laetos
650 495 791 537 vultus
815 509 894 538 nec
917 495 1019 538 felix
1043 496 1181 539 attulit
1204 510 1339 539 omen.

393 553 467 594 fax
491 565 680 607 quoque,
705 565 833 606 quam
857 552 1010 601 tenuit,
1034 552 1254 595 lacrimoso
1278 553 1453 597 stridula
1475 553 1594 598 fumo

393 622 528 663 usque
551 607 632 650 fuit
654 608 875 663 nullosque
898 607 1058 651 invenit
1081 608 1263 652 motibus
1286 610 1419 666 ignes.

393 664 531 707 exitus
555 663 741 720 auspicio
797 663 948 707 ravior.
1005 680 1105 707 nam
1127 672 1261 721 nupta
1283 680 1359 722 per
1381 665 1533 710 herbas

394 722 495 763 dum
518 735 630 763 nova
653 720 762 763 Naia
793 735 865 762 um
889 721 1014 763 turba
1037 721 1232 764 comitata
1255 729 1447 779 vagatur,

394 777 565 827 occidit,
589 776 633 819 in
655 777 788 819 talum
812 777 1017 833 serpentis
1042 777 1166 820 dente
1190 786 1371 834 recept0.

393 848 521 888 quam
544 833 644 875 satis
668 833 724 875 ad
747 848 919 889 superas
943 841 1168 890 postquam
1192 834 1463 891 Rhodopeius
1487 849 1612 879 auras

393 889 561 932 deflevit
584 896 720 940 vates,
743 904 796 932 ne
819 904 904 932 non
928 897 1152 946 temptaret
1174 897 1217 933 et
1239 891 1424 942 umbras,

393 946 448 988 ad
472 944 609 1001 Styga
632 946 842 988 Taenaria
865 953 929 989 est
951 962 1079 989 ausus
1104 947 1358 991 descendere
1380 955 1514 1004 porta,

392 1016 551 1057 perque
574 1003 687 1045 leves
711 1002 888 1058 populos
913 1003 1218 1058 simulacraque
1241 1003 1388 1046 functa
1411 1005 1602 1061 sepulcro

393 1058 693 1114 Persephonen
718 1058 820 1101 adiit
843 1059 1148 1114 inamoenaque
1172 1075 1304 1116 regna
1327 1068 1538 1104 tenentem

392 1114 638 1156 umbrarum
662 1114 877 1157 dominum
885 1131 897 1166 3
921 1116 1137 1171 pulsisque
1160 1117 1215 1158 ad
1239 1116 1424 1159 carmina
1447 1117 1587 1160 nervis

393 1171 453 1213 sie
477 1171 552 1213 ait:
579 1174 623 1212 ‘o
646 1170 772 1227 positi
796 1171 875 1213 sub
899 1179 1010 1214 terra
1033 1173 1207 1214 numina
1230 1173 1390 1223 mundi,

391 1226 434 1268 in
459 1240 585 1291 quem
608 1227 875 1277 reccidimus,
899 1228 1100 1283 quicquid
1122 1230 1297 1271 mortale
1321 1244 1531 1272 creamur:

393 1283 428 1325 si
451 1283 549 1325 hcet
576 1290 636 1332 et,
660 1282 756 1325 falsi
778 1284 925 1339 positis
950 1284 1200 1340 ambagibus
1224 1286 1321 1336 oris,

393 1353 494 1381 vera
516 1339 631 1393 loqui
655 1339 807 1381 sinitis:
832 1354 918 1382 non
941 1340 1043 1391 huc,
1067 1348 1116 1382 ut
1138 1355 1270 1397 opaca
1293 1341 1480 1385 viderem

391 1395 588 1445 Tartara,
613 1395 828 1444 descendi,
853 1410 932 1439 nec
954 1397 1016 1438 uti
1041 1397 1188 1439 villosa
1211 1398 1394 1440 colubris

390 1458 509 1494 terna
531 1451 756 1494 Medusaei
780 1452 982 1505 vincirem
1006 1460 1178 1509 guttura
1201 1454 1390 1496 monstri.

392 1521 520 1550 causa
544 1507 637 1549 viae
663 1515 726 1550 est
749 1508 950 1558 coniunx,
975 1509 1018 1551 in
1043 1523 1171 1564 quam
1195 1510 1355 1552 calcata
1378 1525 1590 1555 venenum

391 1564 537 1619 vipera
561 1563 749 1615 diffudit,
774 1572 1094 1620 crescentesque
1118 1566 1289 1608 abstulit
1313 1581 1458 1610 annos.

391 1635 516 1676 posse
539 1620 627 1676 pati
651 1620 785 1670 volui,
809 1635 888 1664 nec
911 1637 980 1664 me
1003 1629 1231 1678 temptasse
1254 1623 1439 1679 negabo:

390 1676 491 1719 vicit
513 1677 662 1719 Amor.
722 1692 875 1733 supera
899 1678 1002 1720 deus
1026 1678 1095 1721 hic
1119 1679 1227 1722 bene
1250 1687 1374 1722 notus
1397 1679 1442 1721 in
1465 1693 1539 1722 ora
1562 1682 1643 1723 est:

390 1748 445 1774 an
469 1732 523 1775 sit
546 1740 588 1776 et
610 1732 697 1783 hic,
723 1733 883 1776 dubito.
943 1735 1018 1777 sed
1041 1742 1083 1777 et
1106 1734 1174 1777 hic
1197 1742 1339 1778 tamen
1362 1750 1548 1792 auguror
1570 1751 1682 1787 esse3

389 1789 588 1843 famaque
612 1789 647 1831 si
671 1790 822 1832 veteris
846 1805 931 1832 non
956 1798 1020 1833 est
1043 1791 1217 1833 mentita
1239 1792 1426 1847 rapinae,

389 1859 465 1887 vos
483 1859 652 1900 quoque
670 1845 806 1888 iunxit
824 1846 973 1888 Amor.
1008 1862 1084 1903 per
1102 1862 1181 1903 ego
1200 1847 1304 1891 haec
1324 1848 1418 1890 loca
1435 1848 1560 1904 plena
1577 1848 1751 1900 timoris,

391 1916 467 1956 per
491 1899 634 1944 Chaos
657 1902 738 1944 hoc
761 1903 910 1958 ingens
935 1903 1127 1958 vastique
1152 1904 1316 1946 silentia
1338 1904 1472 1960 regni,

389 1957 644 2012 Eurydices,
670 1973 756 2008 oro,
782 1966 1004 2014 properata
1027 1960 1201 2002 retexite
1224 1960 1325 2002 fata.

390 2014 531 2056 omnia
555 2014 757 2057 debemus
782 2015 921 2066 vobis,
947 2016 1204 2071 paulumque
1227 2016 1379 2059 morati

389 2070 522 2113 serius
547 2077 620 2112 aut
645 2070 767 2113 citius
792 2071 934 2115 sedem
958 2086 1233 2127 properamus
1259 2073 1314 2114 ad
1336 2088 1478 2115 unam.

388 2126 598 2168 tendimus
622 2126 706 2169 huc
730 2141 894 2178 omnes,
919 2127 1024 2171 haec
1048 2136 1112 2170 est
1136 2129 1284 2171 domus
1307 2129 1474 2180 ultima3
1498 2143 1659 2185 vosque

389 2182 562 2224 humani
585 2183 752 2239 generis
775 2183 1021 2239 longissima
1045 2199 1176 2240 regna
1199 2185 1363 2228 tenetis.

387 2238 493 2281 haec
516 2253 684 2293 quoque
692 2271 703 2290 ,
729 2254 826 2282 cum
849 2240 980 2282 iustos
1003 2248 1169 2283 matura
1192 2241 1401 2298 peregerit
1423 2256 1569 2293 annos,

387 2294 489 2337 iuris
514 2295 591 2337 erit
615 2295 760 2338 vestri:
785 2311 861 2352 pro
885 2311 1058 2339 munere
1082 2298 1294 2353 poscimus
1317 2313 1455 2340 usum.

388 2351 503 2405 quod
527 2352 561 2393 si
585 2351 673 2394 fata
695 2360 854 2408 negant
877 2353 1044 2395 veniam
1067 2368 1144 2409 pro
1169 2354 1366 2410 coniuge,
1391 2361 1553 2398 certum
1578 2364 1642 2398 est

386 2407 498 2450 nolle
522 2408 657 2451 redire
681 2408 801 2450 mihix
826 2409 908 2451 leto
932 2409 1114 2465 gaudete
1139 2410 1346 2452 duorum.’

388 2463 487 2505 talia
512 2464 719 2507 dicentem
743 2479 980 2520 nervosque
1005 2466 1059 2509 ad
1083 2466 1213 2508 verba
1236 2474 1476 2510 moventem

387 2535 624 2576 exsangues
647 2521 805 2564 flebant
829 2522 1012 2573 animae,
1037 2537 1115 2565 nec
1139 2523 1344 2565 Tantalus
1369 2523 1527 2566 undam

387 2577 571 2631 captavit
594 2577 807 2633 refugam,
833 2578 1075 2634 stupuitque
1099 2579 1258 2621 Ixionis
1282 2579 1408 2630 orbis,

381 2647 464 2674 nec
488 2646 680 2688 carpsere
703 2635 820 2676 iecur
842 2635 1052 2685 volucres,
1078 2635 1278 2691 urnisque
1301 2642 1504 2678 vacarunt

386 2687 576 2738 Belides,
601 2689 727 2744 inque
753 2697 826 2731 tuo
851 2690 1013 2740 sedisti,
1040 2690 1242 2748 Sisyphe,
1268 2706 1382 2734 saxo.

386 2750 485 2785 tunc
508 2745 691 2799 primum
715 2747 898 2788 lacrimis
922 2747 1128 2789 victarum
1152 2748 1336 2790 carmine
1358 2747 1474 2790 fama
1496 2755 1560 2791 est

386 2799 673 2844 Eumenidum
697 2802 908 2846 maduisse
933 2818 1077 2860 genas.
1136 2819 1213 2849 nec
1236 2804 1354 2861 regia
1378 2804 1561 2848 coniunx
