1774 3256
371 250 428 293 80
816 257 858 292 Ρ.
886 257 1050 294 OVIDII
1074 256 1290 294 NASONIS

372 353 554 381 cernere.
612 337 700 379 vidi
722 336 860 393 ipsum
884 344 1072 380 materno
1096 337 1302 393 sanguine
1325 337 1469 380 nasci?
1515 363 1525 372 ι

280 408 349 440 260
373 395 526 451 excipit
550 393 712 436 Uranie
737 398 1049 447 ‘quaecumque
1073 400 1137 436 est
1160 408 1288 436 causa
1311 393 1494 444 videndi,

370 451 446 493 has
470 450 566 499 tibi,
592 450 712 499 diva,
737 449 904 500 domos,
928 450 1068 491 animo
1091 449 1328 505 gratissima
1350 458 1492 493 nostro
1515 457 1593 495 est.

370 521 471 549 vera
493 513 634 549 tamen
657 506 772 547 fama
796 513 878 555 est,
903 513 943 547 et
966 505 1160 548 Peoasus
1185 505 1309 548 huius
1334 506 1452 563 origo

369 562 511 604 fontis’
537 569 579 604 et
601 561 656 604 ad
679 562 822 604 latices
847 561 1022 604 deduxit
1032 540 1223 603 t{Pallada
1246 576 1400 605 sacros.

369 633 478 673 quae
502 618 652 660 mirata
675 618 749 659 diu
771 618 904 660 factas
929 618 1047 674 pedis
1072 618 1225 660 ictibus
1249 618 1398 669 undas,

278 687 346 720 265
371 675 571 716 silvarum
593 675 710 716 lucos
735 674 1013 730 circumspicit
1039 675 1305 728 antiquarum

371 738 573 785 antraque
597 738 638 773 et
661 730 890 774 innumeris
915 730 1130 772 distinctas
1154 731 1328 773 floribus
1352 730 1524 774 herbas:

370 787 598 842 felicesque
622 794 745 830 vocat
768 787 924 842 pariter
948 787 1171 841 studioque
1194 788 1372 842 locoque

369 843 682 886 Mnemonidas.
740 857 869 897 quam
893 843 952 885 sic
976 843 1119 885 adfata
1143 851 1204 886 est
1227 859 1312 885 una
1336 858 1546 887 sororumz

370 904 428 950 ὀ,
453 899 534 942 nisi
557 908 599 942 te
622 899 754 942 virtus
779 914 907 955 opera
931 900 985 941 ad
1009 900 1166 942 maiora
1191 900 1366 950 tulisset,

277 968 346 1000 270
370 956 412 997 in
436 963 599 1012 partem
623 963 800 998 ventura
823 955 939 998 chori
963 956 1154 998 Tritonia
1177 957 1321 1006 nostri,

369 1027 469 1054 vera
492 1012 623 1055 refers
646 1012 877 1066 meritoque
900 1012 1054 1067 probas
1079 1020 1273 1067 artesque
1295 1013 1539 1068 locumque:

369 1075 411 1110 et
434 1075 598 1124 gratam
623 1075 795 1118 sortem,
820 1076 936 1110 tutae
960 1068 1085 1110 modo
1109 1069 1253 1119 simus,
1278 1068 1496 1112 habemus.

369 1125 445 1166 sed
467 1148 525 1155 —
547 1124 723 1167 vetitum
747 1132 810 1166 est
834 1125 939 1167 adeo
963 1124 1111 1167 sceleri
1133 1125 1237 1166 nihil
1260 1149 1318 1155 —
1341 1125 1482 1168 omnia.
1505 1133 1661 1169 terrent
1752 1174 1754 1177 ¹

368 1181 579 1236 virgineas
602 1188 783 1230 mentes,
809 1181 1007 1236 dirusque
1032 1189 1128 1223 ante
1153 1195 1226 1223 ora
1249 1181 1468 1236 Pyreneus
1540 1192 1747 1238 Rsreneuer
1767 1228 1770 1230 ,

278 1250 344 1282 275
370 1237 557 1287 vertitur,
584 1244 624 1279 et
647 1237 834 1278 nondum
859 1245 946 1278 tota
969 1252 1036 1279 me
1060 1245 1199 1280 mente
1223 1238 1375 1293 recepi.

368 1292 558 1335 Daulida
581 1292 776 1335 Threicio
800 1293 1055 1348 Phoceaque
1079 1294 1209 1336 milite
1234 1309 1332 1336 rura

369 1356 538 1405 ceperat
560 1349 629 1391 ille
653 1349 773 1391 ferox
795 1349 1033 1404 iniustaque
1057 1365 1188 1404 regna
1211 1350 1394 1393 tenebat.

367 1406 525 1461 templa
548 1405 795 1461 petebamus
819 1405 1045 1448 Parnasia:
1070 1406 1174 1448 vidit
1198 1414 1358 1456 euntes,

367 1469 593 1516 nostraque
617 1462 758 1503 fallaci
781 1469 1003 1504 veneratus
1028 1463 1201 1504 numina
1224 1463 1344 1504 vultu

275 1532 343 1565 280
368 1518 739 1568 “Mnemonides,''
764 1518 988 1573 (cognorat
1011 1519 1143 1574 enim)
1167 1518 1454 1568 “consistite,”
1480 1519 1586 1562 dixit

368 1578 480 1616 “nec
504 1575 712 1624 dubitate,
736 1589 897 1629 precor,
920 1581 1031 1617 tecto
1055 1590 1185 1631 grave
1210 1575 1325 1618 sidus
1349 1582 1391 1618 et
1413 1575 1623 1618 imbrem”

366 1629 522 1685 (imber
545 1631 652 1686 erat)
677 1631 843 1673 “vitare
867 1645 975 1673 meo.
1035 1631 1201 1674 subiere
1226 1631 1408 1674 minores

367 1701 492 1743 saepe
517 1701 635 1729 casas
661 1686 842 1742 superi.''
902 1687 1022 1729 dictis
1047 1695 1089 1730 et
1113 1695 1300 1744 tempore
1323 1694 1461 1730 motae

367 1743 675 1797 adnuimusque
699 1743 788 1784 viro
812 1743 1053 1798 primasque
1076 1744 1323 1786 intravimus
1348 1745 1487 1787 aedes.

274 1813 342 1844 285
368 1799 577 1841 desierant
600 1799 774 1849 imbres,
799 1799 994 1854 victoque
1019 1800 1285 1854 aquilonibus
1309 1808 1452 1843 austro

365 1855 487 1898 fusca
509 1863 735 1911 repurgato
759 1855 980 1911 fugiebant
1003 1856 1148 1898 nubila
1172 1857 1300 1898 caelo.

364 1912 546 1967 impetus
570 1912 630 1954 ire
654 1911 746 1953 fuit.
806 1912 963 1953 claudit
986 1927 1062 1953 sua
1087 1920 1198 1954 tecta
1221 1913 1440 1968 Pyreneus

364 1968 535 2023 vimque
559 1974 696 2023 parat:
722 1982 850 2022 quam
873 1982 949 2010 nos
975 1969 1151 2023 sumptis
1177 1969 1403 2025 effugimus
1427 1969 1518 2012 alis.

363 2024 454 2079 ipse
478 2031 673 2066 secuturo
699 2024 843 2066 similis
868 2025 981 2066 stetit
1004 2025 1160 2066 arduus
1184 2040 1292 2074 arce,

273 2094 341 2139 290
365 2081 600 2135 “qua''que
624 2080 727 2122 “via
750 2087 813 2122 est
837 2080 974 2129 vobis,
1001 2081 1078 2122 erit
1102 2088 1142 2123 et
1166 2081 1299 2123 mihi''
1325 2081 1432 2123 dixit
1453 2080 1677 2132 “eadem,”

365 2151 495 2191 seque
518 2137 617 2178 iacit
640 2151 786 2179 vecors
810 2151 833 2179 e
859 2152 1047 2179 summae
1072 2137 1252 2179 culmine
1276 2138 1401 2180 turris

365 2200 407 2235 et
430 2193 542 2235 eadit
564 2193 608 2234 in
632 2194 793 2243 vultus,
819 2193 1080 2248 discussique
1105 2193 1269 2236 ossibus
1293 2195 1376 2236 oris

363 2249 502 2291 tundit
525 2249 702 2291 humum
726 2249 906 2292 moriens
931 2251 1132 2292 scelerato
1158 2250 1361 2306 sanguine
1385 2249 1586 2293 tinctam?

362 2305 493 2347 Musa
516 2306 785 2360 loquebatur:
811 2321 974 2361 pennae
999 2320 1176 2349 sonuere
1200 2322 1274 2362 per
1298 2321 1435 2357 auras,
1521 2305 1723 2386 Ρίἶὶἰῑέἓὶεἰ
1754 2335 1772 2360 4

273 2375 338 2407 295
363 2376 530 2416 voxque
556 2363 811 2404 salutantum
835 2362 962 2404 ramis
986 2362 1181 2404 veniebat
1205 2363 1259 2404 ab
1283 2362 1391 2405 altis.

363 2418 537 2474 suspicit
561 2425 621 2468 et,
645 2418 834 2474 linguae,
859 2419 1040 2472 quaerit,
1065 2426 1151 2460 tam
1176 2426 1289 2460 certa
1311 2419 1529 2474 loquentes

361 2475 474 2517 unde
499 2482 665 2525 sonent,
690 2475 985 2529 hominemque
1009 2482 1129 2530 putat
1152 2475 1254 2517 Iove
1277 2482 1378 2517 nata
1399 2474 1603 2519 locutum.

362 2531 449 2572 ales
474 2538 580 2580 erat3
605 2545 864 2585 numeroque
888 2546 1060 2581 novem,
1085 2546 1161 2572 sua
1185 2531 1272 2573 fata
1296 2538 1531 2586 querentes,

360 2587 596 2629 institerant
619 2587 745 2629 ramis
770 2587 982 2630 imitantes
1007 2587 1146 2629 omnia
1169 2587 1301 2643 picae.

270 2656 337 2688 300
360 2643 527 2685 miranti
552 2643 611 2685 sic
636 2657 730 2685 orsa
755 2644 858 2685 deae
884 2644 981 2686 dea:
1008 2649 1162 2699 ‘nuper
1186 2651 1228 2686 et
1250 2643 1355 2686 istae

361 2706 569 2741 auxerunt
592 2700 812 2741 volucrum
836 2700 970 2742 victae
996 2699 1220 2742 certamine
1245 2700 1424 2743 turbam·

359 2754 510 2798 Pierus
536 2755 611 2797 has
635 2755 781 2811 genuit
809 2756 987 2798 Pellaeis
1012 2756 1129 2800 dives
1153 2756 1196 2798 in
1221 2756 1349 2799 arvis:
