1786 3242
368 231 450 274 128
809 239 853 274 Ρ.
880 237 1046 275 OVIDII
1069 237 1285 275 NASONIS

362 321 466 364 orbe
491 335 565 362 suo
573 337 585 371 ;
609 320 817 374 tellusque
841 318 916 360 tibi
940 325 1177 374 pontusque
1201 326 1392 375 negetur.

366 384 478 420 certe
502 391 582 432 ego
605 390 690 418 non
713 375 861 431 patiar,
885 374 1000 417 Iovis
1023 375 1298 425 incunabula,
1323 374 1492 427 Creten,

274 447 341 479 100
365 433 438 487 qui
460 447 580 475 meus
605 439 668 474 est
691 431 823 482 orbis,
847 438 1014 473 tantum
1037 431 1277 487 contingere
1301 429 1563 476 monstrum!

365 488 483 531 dixit.
543 495 584 531 et
607 495 655 530 ut
677 489 793 543 leges
818 487 950 543 captis
973 487 1224 530 iustissimus
1247 495 1394 532 auctor

364 544 555 587 hostibus
578 544 796 600 imposuit,
822 543 966 586 classis
990 543 1220 586 retinacula
1243 544 1349 586 solvi

363 601 483 643 iussit
507 607 549 643 et
573 608 736 643 aeratas
758 599 923 656 impleri
947 599 1107 655 remige
1130 615 1306 655 puppes.

365 656 510 712 Scylla
532 656 639 699 freto
662 664 887 712 postquam
912 656 1113 698 deductas
1136 671 1237 699 nare
1262 656 1425 699 carinas

274 727 341 759 105
364 728 443 756 nec
466 720 678 769 praestare
704 713 854 755 ducem
878 712 1045 755 sceleris
1069 712 1149 755 sibi
1173 713 1360 769 praemia
1381 712 1500 765 vidit,

365 770 623 825 consumptis
647 770 843 826 precibus
867 769 1093 812 violentam
1116 769 1266 812 transit
1287 769 1333 812 in
1354 769 1475 819 iram,

363 826 669 880 intendensque
693 841 861 876 manus,
886 825 1021 881 passis
1044 825 1275 868 furibunda
1299 825 1459 882 capillis

365 887 468 937 ‘quo
492 882 633 938 fugis,'
658 883 866 924 exclamat
890 882 1153 924 ‘meritorum
1175 889 1345 925 auctore
1369 882 1528 934 relicta,

364 953 389 980 0
413 938 572 994 patriae
594 939 780 995 praelate
803 954 943 988 meae,
967 938 1152 994 praelate
1176 938 1364 994 parenti?

276 1009 342 1042 110
365 1009 448 1049 quo
473 995 605 1050 fugis,
629 995 828 1037 immitis?
853 995 972 1037 cuius
997 994 1171 1037 victoria
1194 1002 1386 1037 nostrum

364 1058 406 1093 et
430 1051 566 1094 scelus
591 1058 632 1094 et
654 1052 850 1094 meritum
874 1058 950 1094 est.
979 1098 982 1101 ,
1008 1065 1087 1093 nec
1111 1059 1152 1093 te
1177 1051 1275 1093 data
1297 1066 1490 1102 munera,
1514 1065 1593 1094 nec
1614 1056 1658 1096 tc

363 1115 507 1150 noster
531 1122 649 1150 amor
672 1108 821 1158 movit,
843 1122 923 1150 nec
947 1107 1060 1162 quod
1084 1123 1179 1163 spes
1204 1108 1339 1150 omnis
1361 1108 1406 1150 in
1428 1122 1562 1150 unum

363 1171 405 1206 te
429 1179 526 1206 mea
550 1171 751 1220 congesta
775 1164 861 1206 est?
896 1179 994 1205 nam
1020 1178 1104 1218 quo
1130 1164 1294 1207 deserta
1317 1164 1528 1207 revertar?

363 1220 406 1262 in
429 1220 633 1276 patriam?
658 1227 854 1276 superata
876 1220 997 1262 iacet.
1056 1220 1131 1263 sed
1154 1221 1268 1276 finge
1291 1235 1480 1263 manere:

273 1289 339 1321 115
365 1276 599 1332 proditione
623 1292 719 1318 mea
743 1277 885 1318 clausa
909 1283 972 1318 est
993 1276 1109 1318 mihi.
1167 1277 1298 1332 patris
1322 1276 1376 1319 ad
1400 1276 1499 1320 ora?

364 1347 490 1386 quem
515 1332 592 1374 tibi
616 1333 794 1375 donavi?
829 1333 941 1375 cives
965 1332 1090 1374 odere
1113 1340 1361 1384 merentem3

361 1389 526 1430 finitimi
550 1389 789 1444 exemplum
812 1396 1017 1431 metuunt.
1075 1389 1364 1432 obstruximus
1387 1389 1535 1433 orbem

362 1452 568 1487 terrarum
591 1446 730 1496 nobis,
755 1453 802 1487 ut
827 1443 962 1487 Crete·
978 1446 1067 1487 sola
1089 1453 1263 1501 pateret.

364 1501 444 1544 hac
469 1515 637 1556 quoque
662 1502 696 1543 si
720 1501 917 1557 prohibes
942 1509 984 1544 et
1006 1516 1103 1552 nos,
1127 1502 1310 1558 ingrate,
1333 1502 1549 1557 relinquis,

274 1572 339 1604 120
362 1573 447 1600 non
471 1558 663 1614 genetrix
685 1557 860 1614 Europa
883 1558 959 1600 tibi
983 1566 1065 1607 est,
1091 1559 1165 1601 sed
1187 1558 1399 1615 inhospita
1423 1558 1576 1616 Syrtis,

361 1614 590 1657 Armeniae
614 1615 743 1671 tigres
768 1622 992 1669 austroque
1017 1615 1174 1670 agitata
1198 1613 1451 1671 Charybdis.
1547 1616 1554 1622 ’

361 1685 440 1713 nec
463 1671 567 1714 Iove
589 1678 636 1713 tu
659 1678 802 1722 natus,
825 1686 904 1713 nec
927 1678 1061 1713 mater
1083 1671 1267 1727 imagine
1291 1672 1401 1714 tauri

362 1727 489 1769 ducta
512 1734 586 1769 tua
610 1735 673 1769 est
696 1726 880 1783 (generis
904 1727 1011 1769 falsa
1035 1735 1098 1770 est
1121 1743 1172 1770 ea
1194 1728 1373 1783 fabula),
1397 1743 1546 1771 verum

361 1791 403 1826 et
426 1783 541 1826 ferus
566 1791 607 1826 et
631 1791 778 1839 captus
801 1784 956 1826 nullius
981 1799 1121 1826 amore
1145 1784 1362 1834 iuvencae,

271 1853 336 1885 125
361 1840 434 1893 qui
457 1847 497 1882 te
521 1839 764 1895 progenuit,
788 1847 934 1881 taurus
957 1840 1050 1882 fuit.
1109 1840 1231 1896 exige
1255 1855 1426 1896 poenas,

360 1896 463 1938 Nise
486 1895 623 1962 pater!
659 1896 840 1952 gaudete
865 1896 1003 1946 malis,
1028 1897 1153 1938 modo
1176 1897 1359 1952 prodita,
1383 1897 1549 1950 nostris,

360 1952 545 1995 moenia!
580 1968 679 1994 nam
703 1953 850 2002 fateor,
874 1953 1008 1995 merui
1032 1961 1073 1995 et
1097 1968 1190 1995 sum
1214 1954 1342 2009 digna
1363 1954 1512 2009 perire.

361 2008 435 2050 sed
458 2015 598 2051 tamen
624 2024 677 2051 ex
699 2008 779 2050 illis
805 2009 974 2063 aliquis,
999 2023 1105 2064 quos
1128 2010 1258 2065 impia
1280 2010 1396 2060 laesi,

360 2079 427 2107 me
450 2065 640 2120 perimat.
700 2080 787 2115 cur,
812 2066 883 2120 qui
908 2065 1044 2107 vicisti
1067 2065 1239 2109 crimine
1262 2073 1418 2117 nostro,

270 2134 336 2166 130
359 2121 590 2175 insequeris
615 2121 798 2164 crimen?
833 2122 969 2164 scelus
993 2122 1074 2164 hoc
1096 2122 1340 2178 patriaeque
1363 2122 1571 2179 patrique,

360 2177 547 2220 officium
570 2177 646 2219 tibi
670 2178 735 2220 sit.
793 2185 834 2221 te
857 2193 955 2220 vere
979 2179 1159 2234 coniuge
1183 2179 1312 2235 digna
1335 2186 1411 2230 est,

359 2248 468 2287 quae
491 2241 659 2276 torvum
680 2234 796 2290 ligno
821 2235 985 2290 decepit
1008 2235 1197 2278 adultera
1220 2243 1388 2278 taurum

359 2290 678 2345 discordemque
702 2299 820 2333 utero
844 2291 977 2333 fetum
1001 2292 1107 2333 tulit.
1166 2292 1317 2347 ecquid
1341 2292 1396 2334 ad
1419 2307 1543 2335 aures

357 2347 607 2401 perveniunt
630 2363 725 2389 mea
749 2347 859 2390 dicta
882 2348 1000 2389 tuas?
1024 2364 1077 2390 an
1100 2348 1242 2390 inania
1265 2349 1378 2391 venti

270 2417 333 2449 135
359 2403 486 2445 verba
509 2403 669 2454 ferunt,
693 2404 890 2459 idemque
913 2411 1026 2453 tuas,
1050 2404 1231 2460 ingrate,
1256 2404 1445 2448 carinas?

356 2459 441 2501 iam
463 2459 548 2501 iam
571 2459 813 2515 Pasiphaen
838 2475 922 2502 non
946 2468 1010 2503 est
1032 2461 1222 2504 mirabile
1246 2468 1416 2504 taurum

356 2516 647 2571 praeposuisse
671 2517 766 2559 tibi:
791 2524 837 2558 tu
862 2517 957 2572 plus
981 2517 1157 2570 feritatis
1181 2517 1380 2560 habebas.

356 2587 423 2614 me
447 2572 662 2615 miseraml
699 2587 924 2629 properare
947 2573 1083 2624 iuvat,
1109 2574 1356 2629 divulsaque
1379 2574 1506 2617 remis

355 2629 470 2670 unda
494 2636 633 2671 sonat:
658 2645 825 2672 mecum
849 2629 973 2671 simul
997 2630 1042 2672 a!
1078 2645 1174 2673 mea
1196 2637 1308 2674 terra
1329 2631 1499 2674 recedit.

267 2698 331 2728 140
354 2684 413 2725 nil
437 2684 547 2740 agis,
573 2700 597 2727 o
622 2686 778 2728 frustra
800 2686 1045 2728 meritorum
1067 2687 1194 2729 oblite
1218 2702 1419 2729 meorum.

354 2740 551 2796 insequar
573 2742 770 2793 invitum,
796 2743 1056 2799 puppimque
1081 2743 1274 2800 amplexa
1296 2758 1516 2787 recurvam
