1774 3256
319 256 375 299 60
766 262 809 297 P.
837 261 1000 298 ovmn
1023 259 1240 297 NASONIS

318 346 363 388 in
387 345 535 388 mediis
560 344 684 386 ambo
711 342 905 398 deprensi
929 341 1192 397 amplexibus
1217 341 1402 384 haerent.

230 415 296 447 185
321 401 526 444 Lemnius
550 399 761 454 extemplo
787 398 931 440 valvas
955 398 1155 453 patefecit
1178 397 1359 440 eburnas

322 458 573 511 admisitque
598 456 712 497 deos.
770 454 831 496 illi
854 455 1020 496 iacuere
1043 454 1163 510 ligati

322 514 518 569 turpiter3
543 520 669 566 atque
693 510 844 565 aliquis
869 510 922 552 de
947 510 1010 552 dis
1035 525 1120 552 non
1143 509 1331 553 tristibus
1356 517 1474 568 optat

323 570 383 612 sic
406 568 496 611 fieri
520 568 673 623 turpis:
699 566 839 622 superi
862 566 1008 615 risere,
1034 567 1190 622 diuque

323 627 427 668 haec
451 625 533 666 fuit
555 624 598 666 in
623 631 711 665 toto
735 623 953 665 notissima
976 623 1123 665 fabula
1146 623 1276 666 caelo.

233 695 299 727 190
379 681 528 737 Exigit
550 680 693 722 indicii
715 693 944 722 memorem
970 678 1199 735 Cythereia
1222 694 1416 736 poenam,
1457 691 1688 738 (Leucothoe.)

322 739 451 793 inque
475 737 589 779 vices
612 737 751 786 illum,
775 743 906 778 tectos
933 736 1004 790 qui
1026 736 1147 779 laesit
1171 751 1347 788 amores,

322 795 451 837 laedit
475 807 616 835 amore
639 792 743 848 pari.
802 792 904 847 quid
926 807 1059 843 nunc,
1084 793 1329 849 Hyperione
1353 801 1465 844 nate,

324 852 461 893 forma
484 850 679 903 calorque
703 849 780 890 tibi
802 849 1048 903 radiataque
1071 850 1231 891 lumina
1254 851 1453 905 prosunt?

326 922 478 963 nempe
502 906 585 948 tuis
610 920 755 947 omnes
780 905 853 959 qui
877 913 1007 948 terras
1030 905 1199 962 ignibus
1223 906 1323 957 uris,

235 978 299 1010 195
324 964 458 1006 ureris
481 962 580 1018 igne
604 976 732 1012 novo3
757 962 914 1016 quique
939 962 1080 1004 omnia
1104 977 1273 1005 cernere
1298 963 1442 1015 debes,

325 1019 603 1063 Leucothoen
627 1025 792 1073 spectas
817 1027 858 1060 et
881 1018 1043 1074 virgine
1067 1019 1163 1074 figis
1185 1019 1230 1061 in
1253 1034 1350 1069 una,

326 1091 431 1131 quos
454 1076 614 1117 mundo
639 1075 786 1125 debes,
812 1075 968 1116 oculos.
1027 1076 1153 1117 modo
1178 1076 1314 1132 surgis
1338 1075 1432 1119 Eoo

325 1132 552 1189 temperius
577 1132 712 1181 caelo,
737 1131 863 1173 modo
888 1132 1019 1173 serius
1042 1132 1191 1174 incidis
1214 1132 1352 1183 undis,

326 1189 628 1245 spectandique
651 1202 770 1229 mora
792 1188 1004 1230 brumales
1029 1189 1207 1244 porrigis
1231 1188 1376 1231 horas:

236 1261 302 1292 200
327 1246 470 1288 deficis
492 1244 724 1294 interdum,
749 1244 981 1298 vitiumque
1010 1245 1053 1286 in
1077 1245 1238 1287 lumina
1259 1245 1411 1288 mentis

327 1302 475 1344 transit
499 1309 540 1344 et
563 1301 768 1343 obscurus
792 1301 985 1343 mortalia
1008 1309 1179 1357 pectora
1201 1312 1345 1344 terres.

326 1374 424 1408 nec,
449 1358 526 1400 tibi
549 1358 663 1412 quod
686 1358 811 1400 lunae
836 1357 955 1399 terris
979 1357 1184 1414 propioris
1208 1358 1349 1400 imao-0

328 1414 553 1464 obstiterit,
577 1415 727 1471 palles:
753 1414 853 1456 facit
877 1414 989 1456 hunc
1013 1428 1130 1456 amor
1151 1414 1230 1457 iste
1254 1429 1304 1458 co
1321 1429 1450 1458 orem.

327 1471 467 1527 diligis
491 1471 600 1513 hanc
623 1486 764 1512 unam.
823 1485 902 1513 nec
925 1478 967 1513 te
993 1469 1283 1526 Clymeneque
1307 1471 1581 1528 Rhodosque,

237 1543 303 1576 205
328 1542 407 1570 nec
431 1535 545 1570 tenet
569 1528 739 1569 Aeaeae
763 1527 955 1582 genetrix
978 1527 1260 1583 pulcherrima
1284 1526 1444 1579 Circes,

329 1598 520 1639 quaeque
544 1591 639 1625 tuos
665 1582 805 1639 Clytie
830 1584 1022 1638 quamvis
1048 1584 1247 1639 despecta
1270 1584 1441 1641 petebat

329 1640 596 1689 concubitus,
620 1640 797 1695 ipsoque
819 1640 891 1681 illo
914 1655 1044 1696 grave
1068 1641 1221 1682 vulnus
1246 1640 1430 1683 habebat

328 1705 534 1752 tempore:
560 1696 807 1739 Leucothoe
829 1697 1055 1738 multarum
1081 1697 1236 1739 oblivia
1259 1697 1373 1748 fecit,

327 1753 465 1808 gentis
489 1752 721 1795 odoriferae
746 1766 874 1807 quam
898 1752 1198 1795 formosissima
1220 1761 1345 1809 partu

238 1824 304 1856 210
329 1809 459 1852 edidit
481 1808 740 1864 Eurynome.
800 1809 874 1851 sed
897 1816 1119 1864 postquam
1143 1809 1229 1851 filia
1252 1809 1395 1860 crevit,

328 1880 456 1920 quam
479 1873 613 1907 mater
637 1872 827 1915 cunctas,
851 1872 938 1906 tam
961 1873 1139 1907 matrem
1162 1865 1248 1907 filia
1270 1866 1382 1908 vicit.

328 1922 437 1964 rexit
459 1921 769 1963 Achaemenias
793 1921 920 1963 urbes
943 1929 1062 1977 pater
1086 1920 1346 1973 Orchamus,
1369 1922 1490 1978 isque

329 1978 532 2034 septimus
557 1993 582 2019 a
605 1977 743 2033 prisco
766 1986 1010 2020 numeratur
1034 1978 1194 2033 origine
1217 1979 1336 2021 Belo.

330 2049 409 2076 axe
433 2035 513 2076 sub
536 2034 746 2089 Hesperio
770 2041 868 2075 sunt
890 2048 1049 2089 pascua
1073 2033 1185 2077 Solis
1211 2049 1433 2089 equorum:

238 2104 303 2135 215
330 2090 583 2132 ambrosiam
606 2105 682 2146 pro
707 2090 896 2146 gramine
920 2090 1095 2132 habent:
1121 2106 1171 2133 ea
1193 2091 1306 2133 fessa
1330 2091 1489 2134 diurnis

327 2147 518 2189 membra
541 2147 779 2188 ministeriis
802 2147 933 2188 nutrit
955 2155 1207 2202 reparatque
1230 2147 1376 2190 labori.

330 2204 515 2257 dumque
539 2203 598 2244 ibi
623 2203 917 2258 quadrupedes
942 2203 1137 2246 caelestia
1160 2203 1318 2259 pabula
1341 2211 1531 2260 carpunt,

328 2274 498 2314 noxque
522 2259 657 2301 vicem
681 2259 864 2315 peragit,
889 2259 1094 2301 thalamos
1118 2260 1222 2302 deus
1246 2260 1373 2302 intrat
1396 2268 1559 2303 amatos

328 2330 474 2358 versus
498 2315 540 2357 in
565 2315 831 2371 Eurynomes
855 2316 1007 2358 faciem
1030 2316 1272 2372 genetricis,
1298 2323 1339 2359 et
1361 2316 1471 2360 inter

238 2386 305 2417 220
330 2372 395 2414 bis
421 2387 495 2415 sex
519 2372 794 2414 Leucothoen
818 2372 999 2414 famulas
1024 2373 1078 2414 ad
1102 2373 1263 2415 lumina
1285 2373 1418 2416 cernit

327 2428 439 2470 levia
462 2437 628 2470 versato
654 2428 877 2471 ducentem
902 2429 1081 2471 stamina
1103 2428 1213 2471 fuso.

328 2499 429 2540 ergo
453 2485 528 2526 ubi
553 2499 630 2527 ceu
654 2492 789 2527 mater
812 2499 932 2527 carae
957 2485 1071 2528 dedit
1095 2485 1239 2527 oscula
1261 2492 1399 2536 natae,

328 2540 460 2583 ‘·res''
486 2540 543 2582 ait
569 2545 755 2583 “arcana
779 2549 854 2584 est.
913 2541 1116 2592 famulae,
1141 2541 1355 2593 discedite,
1378 2556 1486 2585 neve

329 2597 476 2652 eripite
501 2597 718 2639 arbitrium
742 2598 867 2639 matri
890 2606 1051 2640 secreta
1073 2598 1314 2653 loquendi.'’

236 2665 302 2697 225
327 2661 566 2708 paruerant.
624 2654 893 2709 thalamoque
919 2654 1022 2696 deus
1047 2654 1135 2696 sine
1159 2661 1266 2697 teste
1288 2654 1433 2697 relicto

328 2709 429 2751 “ille
454 2723 534 2764 ego
559 2709 693 2758 sum‚”
719 2710 823 2752 dixit
849 2711 954 2764 “qui
978 2711 1153 2766 longum
1176 2710 1326 2753 metior
1347 2725 1521 2761 annum,

327 2765 468 2808 omnia
492 2765 565 2820 qui
589 2765 731 2815 video,
756 2781 832 2822 per
856 2781 982 2822 quem
1006 2767 1122 2810 videt
1146 2767 1286 2809 omnia
1309 2767 1446 2818 tellus,
