1774 3256
310 561 353 592 45

312 842 357 873 50

314 1124 357 1154 55

317 1405 360 1437 60

317 1689 360 1720 65

321 1972 364 2002 70

321 2253 362 2284 75

374 290 431 332 20
817 294 861 328 Ρ.
889 290 1053 329 OVIDII
1076 288 1293 327 NASONIS

376 378 656 434 amplexuque
682 375 780 416 dato
805 378 902 415 ‘nec
925 379 972 414 tu
995 387 1114 414 meus
1140 386 1231 413 esse
1254 371 1401 427 negari

377 435 530 490 dignus
554 447 617 481 es,
642 438 684 473 et
709 429 915 485 Clymene
939 428 1078 470 veros'
1103 428 1161 470 ait
1185 427 1335 469 ‘edidit
1357 433 1499 469 ortus.>

376 504 543 545 quoque
568 488 706 529 minus
731 485 917 536 dubites,
943 484 1056 539 quod
1079 484 1143 526 vis
1166 491 1263 540 pete
1287 498 1460 534 munus,
1482 488 1531 525 ut
1551 480 1658 525 illud

377 561 444 588 me
469 545 677 588 tribuente
701 543 826 585 feras.
884 541 1100 597 promissis
1124 540 1241 582 testis
1265 540 1410 582 adesto

377 602 441 644 dis
465 600 642 643 iuranda
665 600 806 655 palus,
831 598 963 640 oculis
987 597 1201 652 incognita
1223 595 1403 639 nostris.’

378 659 449 701 vix
472 658 580 700 bene
605 656 802 698 desierat:
829 669 975 697 currus
999 662 1120 710 rogat
1143 653 1212 696 ille
1235 661 1431 709 paternos

377 715 504 769 inque
528 714 639 756 diem
664 711 878 768 alipedum
901 711 967 753 ius
991 717 1033 753 et
1055 710 1326 753 moderamen
1349 723 1567 764 equorum.

378 770 586 827 paenituit
608 770 767 812 iurasse
790 775 966 824 patrem.
1025 766 1098 821 qui
1122 773 1268 821 terque
1291 773 1524 821 quaterque

381 827 622 870 concutiens
646 826 822 868 inlustre
846 831 974 880 caput
998 822 1257 866 ‘temeraria'
1283 822 1390 864 dixit

381 889 483 926 ‘vox
506 899 601 926 mea
624 882 738 924 facta
761 889 834 923 tua
858 889 932 923 est.
991 880 1152 922 utinam
1176 879 1383 935 promissa
1404 878 1548 921 liceret

379 955 465 983 non
489 939 607 982 dare!
633 939 852 988 confiteor,
877 937 1012 979 solum
1037 936 1117 979 hoc
1141 935 1238 987 tibi,
1260 943 1377 986 nate,
1401 949 1615 991 negarem.

382 997 624 1039 dissuadere
648 996 757 1038 licet.
815 1009 901 1036 non
925 1001 989 1036 est
1012 1001 1086 1035 tua
1108 999 1199 1034 tuta
1222 993 1435 1043 voluntas3

380 1069 536 1109 magna
559 1052 685 1108 petis,
708 1051 952 1100 Phaethon,
977 1056 1018 1092 et
1042 1064 1151 1104 quae
1175 1064 1254 1091 nec
1278 1048 1439 1091 viribus
1462 1047 1553 1090 istis

382 1125 556 1152 munera
579 1108 829 1151 conveniant
851 1121 930 1150 nec
953 1114 1037 1148 tam
1063 1105 1295 1162 puerilibus
1318 1105 1453 1147 annis.
1486 1127 1494 1134 κ

383 1182 472 1209 sors
495 1174 569 1208 tua
593 1165 798 1207 mortalis:
822 1179 907 1206 non
932 1172 993 1206 est
1018 1163 1212 1212 mortale,
1237 1162 1351 1216 quod
1375 1168 1509 1218 optas.

382 1225 477 1280 plus
501 1223 646 1272 etiam,
672 1236 800 1277 quam
824 1220 939 1276 quod
963 1219 1125 1276 superis
1150 1219 1393 1275 contingere
1415 1218 1481 1260 fas
1505 1217 1572 1268 sit,

382 1279 549 1322 nescius
573 1279 759 1321 affectas.
818 1277 985 1333 placeat
1009 1276 1090 1318 sibi
1113 1276 1290 1330 quisque
1314 1274 1475 1318 licebit:

382 1352 467 1378 non
491 1344 631 1378 tamen
656 1335 835 1391 ignifero
861 1334 1084 1388 quisquam
1109 1332 1335 1375 consistere
1357 1331 1402 1373 in
1426 1345 1504 1373 axe

384 1408 451 1435 me
475 1393 588 1434 valet
611 1399 800 1446 excepto.
859 1389 968 1432 vasti
992 1403 1160 1444 quoque
1183 1397 1320 1431 rector
1344 1386 1536 1444 Olympi,

384 1450 458 1504 qui
481 1449 571 1491 fera
595 1447 769 1490 terribili
792 1447 999 1490 iaculatur
1022 1446 1200 1488 fulmina
1224 1445 1385 1495 dextra,

383 1521 469 1548 non
493 1512 593 1562 agat
615 1505 692 1546 hos
717 1519 876 1546 currus.
936 1510 978 1545 et
1001 1502 1102 1557 quid
1126 1502 1228 1544 Iove
1253 1501 1388 1543 maius
1411 1499 1643 1542 habemus?

385 1563 517 1605 ardua
541 1561 676 1617 prima
699 1561 768 1602 via
791 1567 873 1610 est,
898 1567 940 1602 et
963 1574 1048 1614 qua
1071 1559 1143 1600 vix
1166 1573 1291 1600 mane
1314 1564 1502 1600 recentes

385 1619 597 1661 enitantur
621 1617 731 1672 equi.
789 1616 927 1659 medio
952 1622 1015 1658 est
1039 1615 1241 1657 altissima
1263 1614 1394 1664 caelo,

385 1676 498 1717 unde
521 1690 637 1716 mare
662 1681 703 1716 et
727 1681 858 1715 terras
882 1673 962 1728 ipsi
985 1671 1089 1713 mihi
1114 1686 1239 1727 saepe
1263 1671 1405 1713 videre

384 1733 432 1774 fit
455 1732 591 1782 timor,
617 1738 658 1773 et
681 1730 836 1786 pavida
861 1729 1042 1784 trepidat
1064 1727 1287 1770 formidine
1310 1734 1478 1783 pectus:

385 1788 534 1830 ultima
556 1802 690 1842 prona
714 1786 783 1828 via
806 1793 869 1827 est
894 1794 934 1827 et
959 1791 1055 1839 eget
1078 1783 1362 1825 moderamine
1387 1790 1518 1825 certo:

386 1852 488 1886 tunc
512 1844 638 1886 etiam
647 1874 658 1893 ,
684 1857 792 1897 quae
816 1857 884 1883 me
910 1840 1107 1883 subiectis
1131 1840 1286 1895 excipit
1309 1839 1446 1889 undis,

385 1916 440 1943 ne
464 1901 576 1942 ferar
598 1900 643 1941 in
666 1913 884 1954 praeceps,
910 1897 1072 1952 Tethys
1097 1897 1202 1938 solet
1225 1896 1318 1951 ipsa
1339 1895 1487 1938 vereri.

388 1957 496 1999 adde
520 1956 635 2011 quod
658 1955 828 1997 assidua
851 1953 1011 2010 rapitur
1035 1953 1240 2009 vertigine
1264 1952 1428 1994 caelum

387 2014 608 2067 sideraque
633 2012 717 2054 alta
740 2011 866 2052 trahit
891 2010 1100 2064 celerique
1124 2008 1338 2051 volumine
1361 2015 1543 2062 torquet.

386 2070 497 2112 nitor
519 2070 562 2111 in
586 2068 827 2117 adversum,
852 2081 931 2109 nec
954 2081 1040 2116 me,
1066 2065 1139 2120 qui
1163 2073 1320 2114 cetera,
1345 2064 1476 2107 vincit

386 2127 588 2182 impetus,
614 2133 655 2167 et
678 2124 824 2180 rapido
849 2123 1082 2166 contrarius
1107 2122 1262 2165 evehor
1285 2121 1390 2164 orbi.

387 2184 500 2238 finge
526 2182 645 2223 datos
669 2195 830 2223 currus.
889 2179 991 2234 quid
1015 2179 1142 2235 ages?
1164 2178 1375 2234 poterisne
1398 2176 1544 2220 rotatis

388 2239 537 2281 obvius
561 2239 621 2280 ire
645 2237 770 2293 polis,
795 2251 848 2278 ne
872 2243 914 2278 te
938 2236 1045 2278 citus
1071 2234 1235 2277 auferat
1258 2234 1374 2276 axis?

387 2296 563 2338 forsitan
588 2301 630 2336 et
653 2295 770 2335 lucos
794 2293 878 2335 illic
901 2292 1111 2347 urbesque
1136 2291 1312 2334 deorum

388 2352 598 2407 concipias
624 2351 764 2392 animo
789 2349 1048 2403 delubraque
1073 2348 1174 2390 ditia
1197 2347 1317 2389 donis

387 2409 505 2451 esse?
540 2423 615 2463 per
638 2407 809 2448 insidias
833 2406 913 2448 iter
937 2413 998 2448 est
1023 2405 1264 2458 formasque
1288 2403 1485 2446 ferarum.

386 2472 518 2519 utque
542 2464 655 2506 viam
679 2471 822 2505 teneas
846 2463 1045 2516 nulloque
1070 2475 1209 2503 errore
1231 2459 1424 2509 traharis,

321 2535 366 2566 80
389 2536 465 2577 per
488 2529 631 2563 tamen
655 2520 821 2562 adversi
844 2518 1048 2575 gradieris
1073 2532 1230 2559 cornua
1253 2515 1386 2558 Tauri

321 2816 364 2848 85

387 2577 733 2631 Haemoniosque
757 2590 878 2617 arcus
901 2575 1158 2628 violentique
1181 2587 1255 2615 ora
1277 2571 1436 2614 Leonis

387 2648 599 2688 saevaque
622 2633 798 2675 circuitu
821 2638 1065 2674 curvantem
1090 2629 1285 2672 bracchia
1305 2629 1432 2685 longo

389 2689 595 2746 Scorpion
618 2697 743 2743 atque
768 2689 887 2730 aliter
910 2694 1156 2730 curvantem
1178 2685 1375 2729 bracchia
1399 2683 1626 2727 Cancrum.

386 2761 466 2788 nec
490 2746 566 2788 tibi
589 2746 883 2800 quadrupedes
909 2745 1117 2786 animosos
1140 2742 1309 2799 ignibus
1334 2742 1430 2791 illis,

389 2817 495 2859 quos
519 2802 563 2845 in
586 2809 753 2858 pectore
778 2802 951 2851 habent,
978 2815 1082 2855 quos
1113 2815 1183 2842 ore
1209 2805 1251 2842 et
1272 2798 1444 2841 naribus
1469 2796 1628 2847 efflant,

1747 1782 1774 2052 ὲνψιέξυψπινῑϊτε
1759 1753 1768 1771 »υ
1757 1687 1770 1733 ’ω-
1766 1667 1769 1678 «
1759 1623 1770 1652 w
1761 1577 1774 1610 2³.
1764 1550 1771 1564 ⁴>

1756 2141 1765 2165 va
1754 2063 1771 2121 ἦ»,

1741 3140 1764 3256 ana-1221*
1756 3129 1763 3132 ,
