1786 3242
355 263 440 307 172
795 270 839 304 Ρ.
865 267 1030 306 OVIDII
1053 265 1271 304 NASONIS

265 367 331 400 855
356 352 484 396 moris
506 375 563 382 —
587 358 629 394 et
652 364 677 392 o
700 350 852 392 vellem
877 348 1022 391 similis
1045 347 1162 390 furor
1185 354 1295 391 esset
1317 347 1362 390 in
1383 347 1507 391 i1101”

356 409 531 452 dixerat.
591 414 633 449 at
658 405 858 472 Cinyras,
882 419 1008 459 quem
1033 404 1155 460 copia
1178 404 1221 446 di
1281 419 1307 446 a
1329 418 1566 460 procorum,

356 465 458 521 quid
481 464 627 512 faciat,
652 462 844 504 dubitare
867 461 988 511 facit,
1013 461 1186 504 scitatur
1209 476 1234 502 a
1286 460 1391 516 ipsa,

355 520 595 563 nominibus
619 518 759 569 dictis,
784 517 904 560 cuius
927 517 1029 559 velit
1052 531 1143 560 esse
1165 516 1317 559 mariti.

355 578 429 620 illa
452 576 545 619 silet
567 575 701 631 primo
725 574 955 630 patriisque
978 573 1022 615 in
1045 573 1232 615 vultibus
1254 573 1431 616 haerens

267 647 334 679 360
358 640 521 675 aestuat
544 639 585 674 et
608 630 749 686 tepido
773 629 979 672 suffundit
1001 629 1162 671 lumina
1183 644 1290 671 rore.

353 686 535 742 virginei
560 685 740 753 Cinyras
763 686 868 729 haec
892 685 1066 728 credens
1091 700 1182 728 esse
1205 685 1379 736 timoris,

353 744 455 786 flere
481 751 594 787 vetat
618 750 828 797 siccatque
851 757 983 798 genas
1007 749 1132 797 atque
1156 741 1300 784 oscula
1322 740 1472 798 iungit.

352 800 537 856 Myrrha
560 799 667 842 datis
690 799 866 841 nimium
890 799 1067 854 gaudet,
1092 798 1386 852 consultaque,
1411 798 1580 853 qualem

354 863 474 914 optet
496 856 651 898 habere
675 856 830 904 virum,
855 855 1067 897 “similem
1090 854 1197 896 tibi''
1223 854 1340 896 dixit.
1399 861 1443 897 at
1463 855 1534 898 ille

269 926 334 959 865
358 927 443 955 non
465 912 719 955 intellectam
742 925 890 954 vocem
913 911 1138 953 conlaudat
1161 917 1202 953 et
1226 914 1348 953 “esto

358 976 446 1012 tam
468 969 539 1024 pia
563 967 758 1024 semper''
784 968 854 1010 ait.
912 967 1077 1023 pietatis
1100 967 1269 1009 nomine
1293 966 1406 1010 dicto

359 1024 525 1068 demisit
548 1025 688 1066 vultus
713 1023 880 1066 sceleris
905 1023 984 1066 sibi
1008 1023 1176 1066 conscia
1197 1023 1331 1079 virgo.

358 1081 493 1124 noctis
517 1089 607 1123 erat
629 1081 833 1129 medium,
859 1094 1065 1134 curasque
1089 1089 1131 1122 et
1155 1093 1330 1135 corpora
1354 1093 1525 1122 somnus

360 1137 554 1180 solverat.
612 1145 656 1178 at
678 1136 798 1192 virgo
823 1135 1023 1191 Cinyreia
1046 1135 1224 1192 pervigil
1245 1136 1335 1192 igni

269 1208 336 1240 370
361 1193 545 1249 carpitur
567 1192 770 1234 indomito
793 1192 1036 1247 furiosaque
1059 1200 1157 1234 vota
1179 1198 1390 1235 retractat.

360 1257 402 1292 et
424 1249 550 1291 modo
574 1249 786 1304 desperat,
809 1248 935 1290 modo
959 1249 1050 1290 vult
1072 1256 1295 1303 temptare:
1321 1248 1548 1304 pudetque,

361 1313 403 1348 et
426 1305 559 1360 cupit,
585 1313 645 1354 et,
669 1304 771 1359 quid
796 1312 913 1360 agat,
937 1318 1022 1345 non
1045 1305 1218 1346 invenit.
1277 1311 1407 1359 utque
1431 1304 1569 1347 securi

361 1361 503 1404 saucia
526 1361 640 1402 trabs
663 1361 832 1415 ingens,
856 1360 931 1402 ubi
953 1361 1081 1416 plaga
1103 1360 1332 1402 novissima
1354 1366 1496 1409 restat,

360 1431 444 1472 quo
469 1417 610 1467 cadat,
634 1417 677 1458 in
702 1416 830 1458 dubio
854 1424 935 1466 est,
960 1416 1158 1471 omnique
1182 1431 1207 1458 a
1229 1424 1348 1472 parte
1371 1416 1560 1459 timetur:

270 1488 336 1520 375
361 1473 421 1516 sic
444 1473 609 1515 animus
633 1472 749 1514 vario
772 1472 1005 1515 labefactus
1029 1473 1202 1515 vulnere
1225 1479 1347 1515 nutat

361 1530 444 1572 huc
467 1529 570 1572 levis
595 1536 721 1583 atque
744 1528 844 1570 illuc
867 1536 1162 1583 momentaque
1186 1529 1312 1571 sumit
1335 1534 1527 1584 utroque.

359 1600 439 1628 nec
461 1585 613 1627 modus
638 1592 710 1627 aut
732 1585 916 1639 requies,
939 1585 1020 1626 nisi
1042 1599 1174 1634 mors,
1198 1584 1404 1640 reperitur
1427 1584 1601 1627 amoris:

360 1656 472 1684 mors
496 1642 646 1697 placet.
705 1641 879 1696 erigitur
902 1641 1136 1695 laqueoque
1159 1641 1371 1684 innectere
1393 1640 1538 1684 fauces

362 1697 560 1747 destinat,
586 1705 627 1739 et
651 1711 759 1739 zona
782 1711 946 1739 summo
971 1697 1023 1739 de
1047 1704 1167 1753 poste
1190 1697 1380 1740 revincta

270 1768 338 1802 380
362 1758 490 1796 “care
514 1754 607 1795 vale
633 1751 811 1808 Cinyra,
837 1767 1091 1807 causamque
1114 1753 1311 1809 intellege
1334 1752 1514 1795 mortis”

361 1810 485 1859 dixit,
510 1817 552 1851 et
576 1809 747 1864 aptabat
770 1809 942 1864 pallenti
966 1809 1133 1851 vincula
1156 1810 1275 1852 collo.

360 1880 577 1907 murmura
599 1865 825 1907 verborum
848 1865 954 1907 fidas
977 1865 1151 1907 nutricis
1176 1865 1230 1907 ad
1254 1881 1375 1908 aures

361 1921 602 1977 pervenisse
625 1921 784 1971 ferunt,
807 1921 936 1963 limen
960 1922 1162 1963 servantis
1186 1922 1393 1964 alumnae.

362 1977 496 2033 surgit
520 1992 624 2019 anus
647 1984 888 2031 reseratque
912 1977 1042 2027 fores3
1070 1977 1300 2032 mortisque
1323 1985 1495 2033 paratae

271 2049 337 2081 385
362 2033 638 2076 instrumenta
662 2033 827 2083 videns,
853 2033 988 2088 spatio
1013 2033 1246 2075 conclamat
1270 2034 1420 2076 eodem

364 2102 491 2144 seque
515 2089 612 2131 ferit
635 2089 868 2143 scinditque
894 2089 1009 2131 sinus
1034 2097 1261 2145 ereptaque
1285 2090 1392 2132 collo

360 2144 530 2189 vincula
554 2145 739 2187 dilaniat.
797 2153 888 2186 tum
913 2145 1094 2200 denique
1117 2145 1217 2188 fiere
1241 2146 1420 2195 vacavit,

363 2216 451 2242 tum
476 2202 576 2243 dare
601 2201 842 2256 complexus
866 2201 1090 2255 laqueique
1113 2202 1324 2256 requirere
1348 2217 1532 2244 causam.

362 2264 480 2299 muta
503 2257 595 2300 silet
618 2257 738 2313 virgo
762 2265 1000 2311 terramque
1023 2257 1198 2300 immota
1221 2265 1375 2309 tuetur,

272 2328 338 2360 390
363 2320 403 2355 et
427 2313 634 2369 deprensa
658 2313 770 2355 dolet
793 2313 938 2355 tardae
963 2313 1183 2355 conamina
1205 2315 1363 2356 mortis.

362 2369 489 2411 instat
513 2385 637 2419 anus,
663 2383 875 2423 canosque
899 2383 998 2411 suos
1022 2377 1063 2411 et
1086 2370 1228 2412 inania
1250 2370 1416 2412 nudans

361 2425 493 2468 ubera
516 2440 592 2481 per
617 2440 746 2468 cunas
771 2426 1052 2479 alimentaque
1074 2426 1210 2481 prima
1263 2433 1439 2475 recatur,

361 2488 409 2523 ut
433 2481 511 2523 sibi
537 2482 788 2531 committat,
812 2481 1015 2535 quicquid
1039 2481 1163 2524 dolet.
1220 2482 1293 2524 ila
1314 2489 1534 2537 rogantem

362 2544 553 2580 aversata
575 2537 719 2593 gemit.
778 2545 891 2579 certa
915 2545 978 2579 est
1001 2537 1219 2592 exquirere
1242 2538 1398 2589 nutrix,

273 2607 337 2638 395
362 2607 440 2635 nec
464 2594 594 2635 solam
620 2593 824 2648 spondere
848 2593 987 2635 fidem.
1045 2593 1179 2636 “dic'’
1204 2593 1340 2648 inquit
1363 2598 1607 2650 “opemque

363 2663 430 2691 me
455 2649 543 2691 sine
567 2649 676 2691 ferre
700 2649 795 2690 tibi:
820 2664 905 2691 non
928 2656 992 2691 est
1014 2664 1109 2691 mea
1131 2650 1253 2705 pigra
1277 2658 1482 2693 senectus.

364 2719 439 2746 seu
462 2705 579 2747 furor
603 2713 683 2755 est,
708 2705 863 2755 habeo,
888 2705 1003 2759 quod
1027 2706 1210 2748 carmine
1234 2714 1352 2749 sanet
1376 2713 1418 2749 et
1440 2706 1601 2750 herbis:

363 2760 451 2803 sive
477 2760 625 2816 aliquis
650 2761 811 2812 nocuit,
835 2761 1000 2817 magico
1024 2762 1255 2806 lustrabere
1278 2762 1379 2805 ritu:
