1786 3242
338 262 422 305 274
472 270 701 309 P.0V1D11
717 269 1608 308 NAS METAMORPH L113XV 845-879.

249 365 314 397 845
342 351 536 395 Caesaris
561 351 713 407 eripuit
736 351 935 394 membris
957 364 1095 405 neque
1119 351 1163 393 in
1185 354 1284 394 ae‘ra
1308 351 1413 394 solvi

337 423 462 463 passa
485 415 695 450 recentem
720 407 903 449 animam
927 406 1177 449 caelestibus
1200 407 1340 450 intulit
1363 407 1498 450 astris.

339 464 524 529 dumque
550 463 663 513 tulit,
687 463 826 505 lucem
849 477 998 518 capere
1022 471 1147 518 atque
1170 463 1387 519 ignescere
1411 461 1543 507 sensit

338 520 557 574 emisitque
581 519 688 561 sinu.
745 519 847 562 luna
869 520 983 561 volat
1007 519 1131 561 altius
1153 519 1240 570 illa,

338 576 717 630 flammiferumque
740 575 910 618 trahens
933 575 1118 631 spatioso
1140 576 1272 619 limite
1295 576 1453 619 crinem

248 646 313 677 850
339 632 458 675 stella
481 632 626 698 micat3
651 631 823 686 natique
846 631 993 674 videns
1017 631 1123 674 bene
1147 631 1260 674 facta
1282 632 1438 675 fatetur

339 703 429 731 esse
454 688 540 730 suis
564 688 724 730 maiora
747 696 790 730 et
812 687 923 730 vinci
947 687 1105 744 gaudet
1128 688 1183 730 ab
1206 688 1289 730 illo.

338 744 406 787 hic
430 760 507 786 sua
529 744 731 800 praeferri
755 758 1012 798 quamquam
1035 751 1150 786 vetat
1174 751 1268 787 acta
1290 745 1491 810 paternis,

337 801 470 843 libera
493 800 608 843 fama
630 810 771 842 tamen
796 801 1005 865 nullisque
1029 800 1247 842 obnoxia
1235 800 1359 843 1ussis

337 857 515 899 invitum
539 857 722 923 praefert
745 871 913 910 unaque
937 857 980 898 in
1004 864 1121 912 parte
1144 864 1365 912 repugnat.

249 924 313 956 855
338 914 399 956 sic
421 914 566 969 magni
590 913 701 956 cedit
723 913 855 955 titulis
879 913 1212 979 Agamemnonis
1236 913 1414 964 Atreus,

338 949 518 1025 Aegeat>
513 970 572 1011 sic
596 969 806 1018 Theseus,
833 969 892 1011 sic
915 969 1047 1012 Pelea
1069 969 1169 1011 vicit
1192 969 1394 1012 Achilles.

338 1026 538 1080 denique,
563 1033 610 1067 ut
634 1001 869 1080 exemplis
858 1039 972 1080 ipsos
996 1025 1274 1079 aequantibus
1297 1032 1405 1076 utar,

338 1082 398 1124 sic
422 1091 463 1124 et
488 1081 698 1126 Saturnus
723 1082 858 1123 minor
881 1089 944 1124 est
966 1081 1082 1124 Iove.
1140 1081 1332 1137 Iuppiter
1354 1096 1471 1125 arces

337 1145 544 1193 temperat
567 1137 771 1180 aetherias
797 1145 838 1180 et
861 1138 1008 1180 mundi
1031 1153 1162 1193 regna
1185 1137 1404 1180 triformis.

246 1205 313 1236 860
338 1202 448 1237 terra
472 1194 552 1236 sub
576 1194 774 1249 Augusto
799 1201 872 1236 est.
931 1202 1050 1250 pater
1074 1202 1136 1236 est
1160 1201 1200 1236 et
1224 1201 1361 1237 rector
1382 1201 1576 1260 uterque·

338 1250 399 1299 di,
424 1264 584 1306 precor,
609 1250 783 1292 Aeneae
807 1250 999 1300 comites,
1023 1250 1176 1304 quibus
1201 1250 1311 1293 ensis
1336 1258 1379 1293 et
1392 1249 1511 1316 ’ignis

339 1314 572 1356 cesserunt,
598 1306 724 1371 dique
749 1306 983 1372 Indigetes,
1007 1306 1256 1361 genitorque
1280 1305 1459 1360 Quirine

336 1361 488 1412 Urbis,
514 1370 556 1405 et
578 1362 722 1404 invicti
745 1362 910 1428 genitor
935 1361 1124 1405 Gradive
1149 1361 1336 1414 Quirini,

337 1418 555 1473 Vestaque
581 1417 812 1461 Caesareos
836 1418 945 1461 inter
969 1426 1132 1460 sacrata
1153 1418 1352 1468 Penates,

247 1486 312 1517 865
339 1483 380 1517 et
405 1490 501 1517 cum
527 1473 738 1517 Caesarea
760 1482 826 1524 tu,
851 1474 1025 1517 Phoebe
1049 1474 1296 1524 domestice,
1319 1475 1466 1526 Vesta,

338 1531 494 1586 quique
519 1538 635 1573 tenes
660 1531 768 1572 altus
792 1531 997 1586 Tarpeias
1022 1531 1212 1596 Iuppiter
1235 1545 1366 1581 arces,

338 1602 527 1652 quosque
552 1587 654 1629 alios
680 1587 765 1629 vati
788 1587 852 1629 fas
878 1588 1090 1653 appellare
1113 1587 1315 1643 piumque
1339 1594 1420 1630 est:

341 1644 461 1685 tarda
485 1643 537 1685 sit
559 1644 631 1685 illa
655 1644 743 1686 dies
769 1651 810 1686 et
832 1651 974 1686 nostro
999 1643 1129 1686 serior
1152 1658 1271 1694 aevo,

341 1714 425 1754 qua
450 1706 577 1755 caput
600 1700 865 1755 Augustum,
890 1714 1016 1754 quem
1039 1706 1264 1755 temperat,
1288 1699 1389 1742 orbe
1413 1699 1558 1743 relicto

248 1769 314 1801 870
340 1756 514 1798 accedat
538 1757 652 1798 caelo
677 1756 900 1811 faveatque
925 1757 1193 1812 precantibus
1217 1755 1387 1799 absensl

394 1869 571 1923 Iamque
596 1883 702 1924 opus
727 1868 868 1924 exegi,
893 1868 1007 1922 quod
1030 1882 1108 1910 nec
1131 1868 1282 1910 Iovis
1269 1884 1332 1910 1ra
1355 1883 1434 1911 nec
1456 1868 1568 1925 ignis

336 1939 416 1967 nec
439 1925 592 1980 poterit
614 1925 772 1966 ferrum
795 1939 874 1967 nec
898 1925 1006 1966 edax
1030 1924 1196 1990 abolere
1220 1931 1420 1967 vetustas.

338 1996 435 2023 cum
460 1981 591 2031 volet,
616 1981 687 2022 illa
711 1980 819 2030 dies,
844 1994 953 2045 quae
976 1980 1034 2021 nil
1057 1980 1137 2022 nisi
1161 1980 1346 2046 corporis
1369 1980 1494 2024 huius

337 2037 403 2079 ius
427 2037 574 2087 habet,
598 2037 742 2079 incerti
769 2037 950 2092 spatium
974 2036 1077 2078 mihi
1099 2036 1218 2078 finiat
1241 2037 1353 2080 aevi.

246 2107 312 2139 875
337 2100 455 2149 parte
479 2101 620 2136 tamen
644 2093 814 2135 meliore
838 2093 922 2135 mei
946 2107 1071 2148 super
1094 2093 1180 2134 alta
1201 2093 1396 2148 perennis

337 2156 451 2191 astra
473 2149 603 2198 ferar,
628 2163 866 2205 nomenque
892 2149 970 2191 erit
993 2149 1216 2191 indelebile
1239 2156 1443 2191 nostrum.

336 2219 505 2260 quaque
529 2213 645 2261 patet
669 2205 836 2247 domitis
859 2205 1053 2247 Romana
1076 2204 1262 2261 potentia
1285 2205 1419 2255 terris,

336 2277 408 2304 ore
432 2262 551 2316 legar
574 2261 740 2317 populi,
765 2276 925 2327 perque
949 2261 1090 2304 omnia
1114 2261 1285 2327 saecula
1303 2261 1432 2312 fama,

337 2319 371 2359 si
397 2317 498 2373 quid
522 2317 678 2361 habent
702 2318 790 2360 veri
814 2326 958 2361 vatum
982 2317 1222 2373 praesagia,
1246 2314 1399 2360 vivam.
