1774 3256
131 197 199 345 {J
326 254 821 297 METAMORPHOSEON
843 259 942 296 Lm.
967 259 1018 296 11.
1045 260 1238 297 130—217.

225 337 402 408 pigna
422 338 541 406 prius
563 355 643 384 nec
665 341 945 385 formidabilis
968 343 1058 394 ulli,

155 449 157 451 1
184 392 258 449 1”-,
291 395 557 453 sumpsitque
578 412 712 441 novas
734 399 1007 443 fervoribus·
994 415 1093 443 iras.

290 465 334 496 ιο
355 452 574 496 turbatum
596 463 833 499 memorant
854 456 1036 514 fugisse,
1059 457 1209 507 Boote,

150 486 264 539 μ’
315 508 463 552 tardus
485 525 581 555 eras
604 519 647 555 et
670 520 712 556 te
735 520 810 556 tua
833 514 1022 570 plaustra
1045 514 1261 558 tenebant.

252 567 457 610 ·mmmo
480 567 674 624 despexit
697 569 752 612 ab
775 569 947 614 aethere
969 577 1102 614 terras

184 678 185 681 1
241 620 491 667 Phaethon
513 625 695 692 penitus
705 627 959 682 penitusque
982 627 1183 679 iacentes,

186 669 231 693 ’ᾖ
234 725 238 728 ,
288 685 332 724 ot
353 679 495 724 subito
517 695 661 738 genua
682 681 937 726 intremuere
960 684 1124 735 timore,

301 736 438 780 oeulis
459 737 660 782 tenebrae
683 753 761 795 per
783 747 949 782 tantum
971 740 1118 784 lumen
1140 741 1328 784 obortae.

231 793 412 837 mallet
426 809 560 858 equos
574 810 810 851 numquam
833 796 1035 853 tetigisse
1046 805 1265 854 paternos:

465 866 571 894 enus
593 852 712 908 piget
735 860 780 896 et
802 853 986 897 valuisse
1009 855 1221 910 rogando:

146 904 396 976 Meropis
396 865 504 951 (ξοί
526 909 724 976 cupiens
724 909 784 952 ita
806 910 955 962 fertur,
979 918 1028 954 ut
1051 919 1148 955 acta

151 1013 166 1033 1
251 962 316 1007 „⁸¹5
335 963 462 1022 pinus
484 964 634 1017 borea,
657 965 726 1009 cui
748 966 862 1010 victa
884 967 1046 1011 remisit

207 1030 343 1064 tuus
364 1029 517 1073 rector,
541 1037 671 1078 quam
695 1023 759 1067 dis
784 1024 979 1080 votisque
1001 1025 1186 1081 reliquit.

180 1076 375 1124 ficiat?
397 1079 579 1122 multum
602 1080 709 1124 caeli
731 1088 829 1137 post
850 1088 972 1148 terga
993 1083 1201 1134 relictum,

199 1134 361 1179 oeulos
383 1136 481 1193 plus
505 1143 582 1180 est.
641 1137 784 1180 animo
807 1138 979 1181 metitur
999 1146 1243 1195 utrumque,

117 1238 125 1245 1
174 1216 189 1223 ιι
213 1212 218 1229 ι
268 1212 299 1244 ι,
321 1206 430 1248 quos
453 1193 516 1236 illi
537 1193 676 1236 fatum
699 1195 946 1252 contingere
969 1211 1055 1239 non
1079 1204 1156 1248 est,

150 1248 162 1252 ”
194 1260 268 1286 ιιι
316 1263 513 1301 occasus,
534 1250 746 1294 interdum
770 1253 941 1309 respicit
963 1261 1094 1296 ortus.

124 1290 196 1340 3²1⁶
207 1319 283 1350 ιιιο
304 1315 407 1364 agat
427 1307 442 1350 i
503 1322 602 1350 arus
625 1316 769 1365 stupet
791 1318 834 1352 et
857 1324 936 1353 nec
959 1310 1081 1353 frena
1104 1311 1291 1363 remittit,

160 1363 376 1408 retinere
398 1378 426 1407 v
469 1372 530 1408 et·
554 1380 635 1408 nee
657 1366 830 1410 nomina
853 1367 972 1410 novit
996 1382 1218 1423 equorum.

224 1434 434 1513 quoque
456 1421 500 1464 in
524 1423 642 1465 vario
666 1423 825 1479 passim
848 1424 1054 1467 miracula
1077 1426 1195 1468 caelo

99 1521 133 1545 ,11
276 1491 393 1533 uque
415 1477 533 1522 videt
554 1479 745 1536 trepidus
769 1480 994 1524 simulacra
1016 1482 1217 1525 ferarum.

118 1542 135 1594 ,’1
177 1532 353 1586 loeus,
339 1549 384 1578 m
405 1535 601 1592 geminos
624 1536 699 1579 ubi
724 1537 921 1580 bracchia
945 1547 1149 1581 concavat
1174 1554 1297 1583 arcus

140 1591 303 1659 ·rpius
320 1599 365 1636 et
386 1592 525 1635 cauda
546 1592 752 1649 flexisque
775 1594 989 1650 utrimque
1012 1596 1180 1639 lacertis

145 1662 147 1664 ’
213 1648 269 1691 ·'t
289 1648 335 1693 in
357 1649 544 1717 spatium
566 1650 784 1707 signorum
808 1652 1000 1695 membra
1023 1653 1220 1696 duorum.

190 1719 335 1762 puer
355 1712 405 1748 u't
425 1705 544 1774 nigri
560 1707 779 1750 madidum
803 1709 958 1752 sudore
980 1710 1134 1752 veneni

162 1776 267 1807 =era
288 1770 466 1806 curvata
487 1763 751 1807 minitantem
775 1765 951 1822 cuspide
975 1766 1095 1816 vidit,

158 1818 243 1863 -·tis
263 1818 388 1876 inops
409 1819 554 1878 gelida
574 1820 801 1865 formidine
824 1823 915 1865 lora
938 1823 1112 1866 remisit.

170 1883 477 1969 postquam
472 1891 640 1920 summo
662 1879 839 1935 tetigere
862 1879 1044 1923 iacentia
1067 1887 1203 1937 tergo,

270 1940 359 1976 tur
359 1933 499 2001 equi,
521 1934 724 1991 nulloque
747 1935 965 1980 inhibente
989 1952 1066 1994 per
1089 1953 1215 1981 auras

25 2041 28 2042 1
79 2034 82 2035 ,
117 2037 122 2040 ,
245 1990 467 2048 ·-regionis
489 1998 611 2043 eunt,
636 2006 808 2048 quaque
830 1993 1014 2050 impetus
1039 1994 1140 2051 egit,

156 2045 283 2092 nine
303 2047 402 2104 lege
422 2055 553 2091 ruunt
560 2049 746 2115 altoque
770 2050 850 2093 sub
874 2051 1043 2094 aethere
1066 2052 1163 2095 fixis

137 2113 145 2119 ’
186 2127 189 2135 ι
253 2125 273 2141 ιι
326 2104 458 2148 stellis
479 2105 736 2162 rapiuntque
759 2121 836 2163 per
858 2108 955 2151 avia
979 2123 1161 2175 currum·

105 2159 279 2204 nodo
301 2175 469 2205 summa
490 2169 660 2220 petunt,
684 2164 811 2206 modo
834 2180 911 2221 per
934 2165 1097 2208 declive
1121 2165 1298 2222 viasque

302 2218 500 2286 -spatio
521 2225 658 2264 terrae
680 2221 877 2277 propiore
900 2221 1112 2265 feruntur:

271 2288 346 2319 ue
368 2275 458 2319 suis
479 2275 688 2320 fraternos
713 2291 882 2322 currere
905 2278 1036 2322 Luna

186 2330 199 2343 ⁸
259 2350 283 2369 ιι
340 2347 493 2389 equos,
516 2333 798 2390 ambustaque
820 2335 968 2378 nubila
990 2336 1171 2379 fumant.

206 2387 309 2431 ·'tur
329 2389 532 2441 flammis,
555 2397 604 2433 ut
626 2405 823 2458 quaeque
847 2392 1068 2444 altissima,
1091 2394 1232 2445 tellus,

254 2446 382 2503 :agit
403 2446 532 2490 rimas
555 2455 598 2491 et
621 2448 734 2491 sucis
758 2457 848 2492 aret
872 2450 1095 2516 ademptis.

226 2511 515 2555 canescunt,
538 2518 636 2547 cum
659 2505 880 2549 frondibus
904 2506 1042 2549 uritur
1064 2507 1204 2559 arbor,

218 2557 235 2593 ἰ
272 2573 388 2615 uque
409 2574 488 2603 suo
511 2561 688 2617 praebet
710 2577 833 2618 seges
857 2563 976 2606 arida
1000 2563 1169 2607 damno.

197 2589 410 2672 queror:
433 2632 616 2674 magnae
670 2626 819 2662 ereunt
842 2635 939 2662 cum
962 2621 1186 2664 moenibus
1208 2622 1352 2676 urbes,

103 2663 227 2708 ἐι
221 2686 265 2716 ιο
287 2673 376 2716 suis
398 2680 509 2717 totas
531 2689 618 2732 pop
681 2690 700 2717 s
722 2675 921 2720 incendia
943 2683 1076 2721 terras

124 2726 332 2834 tinxi?
355 2737 538 2831 vsstunt.
598 2732 852 2834 Silvgfiissunss
870 2734 1090 2835 &outlibus
1099 2735 1284 2836 targent.

315 2801 364 2831 οε
428 2802 642 2845 nurusque
805 2805 828 2834 e
910 2805 980 2834 mo
997 2806 1049 2835 us
1073 2807 1096 2836 e
1186 2802 1253 2837 ete

155 775 234 806 ³41*

1412 252 1470 296 23

1494 413 1561 446 175

1494 699 1561 732 180

1494 983 1560 1016 185

1493 1269 1560 1303 190

1492 1556 1558 1589 195

1489 1840 1557 1873 200

1485 2125 1552 2159 205

1483 2410 1552 2444 210

1478 2695 1547 2728 215
