1774 3256
337 235 829 275 METAMORPHOSEON
854 236 953 273 LIB.
977 237 1043 274 VI.
1069 237 1262 274 634-721.

35 301 41 324 '⁵
117 323 318 420 mor
337 317 410 362 ille
432 318 606 386 quidem
628 318 804 362 iuvenes
827 319 1087 374 totidemque
1111 326 1274 362 crearat

251 389 328 420 eae
351 382 488 418 sortis.
548 375 625 419 sed
648 382 739 419 erat
761 390 840 432 par
862 375 1000 418 forma
1023 376 1217 427 duarum,

38 423 66 476 s]
118 447 144 477 e
167 431 323 489 quibus
345 431 550 476 Aeolides
575 431 794 488 Cephalus
818 440 859 475 te
883 433 1064 489 coniuge
1088 433 1205 484 felix,

35 484 66 535 ἒξ.
117 488 286 559 Pjocri,
309 488 411 532 fuitz
435 489 602 533 Boreae
625 489 789 532 Tereus
813 489 1088 545 Thracesque
1111 490 1341 535 nocebant:

35 557 64 579 <
119 545 358 602 ditataque
381 545 456 590 diu
479 546 614 590 caruit
639 546 744 589 deus
769 544 983 602 Orithyia,

119 602 226 646 dum
244 617 293 646 ro
325 610 368 646 at
391 610 435 647 et
456 602 654 660 precibus
678 603 841 648 mavult
864 617 995 658 quam
1018 603 1179 646 viribus
1202 604 1280 648 uti.

119 666 185 704 ast
207 659 283 703 ubi
335 659 522 703 landitiis
546 659 688 716 agitur
710 659 835 710 nihil,
858 659 1054 702 horridus
1078 659 1155 710 ira,

24 710 26 714 ¹
55 718 74 748 Ἴ
118 731 230 774 quae
253 715 376 760 solita
398 724 464 760 est
485 716 546 759 illi
568 715 832 770 nimiumque
857 715 1088 758 domestica
1111 724 1252 768 vento,

118 778 182 818 ‘et
203 772 374 817 merito’
398 773 522 816 dixit:
554 772 676 828 ‘quid
700 772 814 815 enim
836 787 934 814 mea
955 772 1040 815 tela
1062 773 1228 828 reliqui,

26 827 38 836 ’
54 827 70 865 ἓ
109 830 339 880 ,saevitiam
361 837 404 873 et
425 830 536 873 vires
559 829 751 884 iramque
775 828 1022 883 animosque
1045 829 1247 881 minaces,

118 887 372 987 admolvniffie
394 901 561 954 preces,
585 900 766 953 quarum
789 901 858 928 me
882 886 1061 952 dedecet
1084 887 1212 930 usus?

35 955 69 980 “2-
118 951 221 1012 apta
369 958 436 987 vls
459 951 541 987 est:
566 958 609 986 vl
631 951 768 986 tristla
789 943 937 986 nubila
960 943 1087 999 pello,

29 1006 60 1018 ”
117 1016 163 1045 vi
185 1000 295 1045 freta
317 1000 513 1044 concutio
536 1000 784 1056 nodosaque
806 999 961 1042 robora
984 1008 1103 1043 verto

25 1066 68 1114 ἰζ
117 1057 358 1114 induroque
379 1058 501 1101 nives
525 1065 568 1101 et
590 1064 723 1100 terras
747 1057 953 1114 grandine
977 1057 1114 1113 pulso.

28 1116 59 1171 J
115 1115 233 1160 idem
254 1129 337 1172 ego
353 1129 459 1182 ‘cum
481 1114 633 1158 fratres
658 1114 775 1157 caelo
799 1129 895 1156 sum
919 1121 1069 1157 nactus
1094 1122 1241 1171 aperto

117 1172 239 1228 (nam
261 1171 367 1215 mihi
389 1186 565 1228 campus
588 1172 625 1214 is
649 1172 746 1226 est),
770 1178 888 1213 tanto
913 1171 1126 1214 molimine
1149 1172 1300 1224 luctor,

31 1228 55 1274 ἔ
116 1236 168 1273 ut
189 1228 356 1273 medius
378 1229 532 1272 nostris
556 1228 834 1271 concursibus
857 1228 1024 1271 insonet
1048 1228 1205 1279 aether,

18 1283 53 1346 ’ἓξ
117 1286 377 1342 exiliuntque
401 1285 517 1329 cavis
541 1285 632 1328 elisi
654 1285 841 1327 nubibus
864 1285 1000 1341 ignes.

115 1343 233 1388 idem
254 1357 336 1400 ego
360 1357 459 1386 cum
482 1342 595 1386 subii
618 1357 810 1385 convexa
832 1341 1042 1384 foramina
1065 1349 1216 1394 terrae,

118 1399 408 1501 sufilposuique
431 1399 553 1443 ferox
576 1399 672 1442 imis
695 1414 792 1442 mea
815 1406 936 1455 terga
960 1399 1165 1448 cavernis,

46 1463 49 1467 ’
117 1472 165 1501 so
211 1456 295 1500 cito
316 1456 474 1500 Manes
495 1463 718 1511 totumque
742 1456 996 1499 tremoribus
1020 1455 1179 1498 orbem.

115 1514 198 1558 hac
220 1528 302 1571 ope
325 1513 557 1557 debueram
580 1513 788 1556 thalamos
811 1512 1002 1569 petiisse3
1028 1527 1232 1568 socerque

115 1585 203 1615 non
226 1570 412 1614 orandus
436 1577 527 1614 erat
549 1570 654 1612 mihi
677 1570 753 1613 sed
777 1569 998 1612 faciendus
1021 1569 1316 1613 Erechtheus.’

115 1627 224 1672 haec
247 1628 411 1671 Boreas
434 1634 510 1670 aut
532 1626 598 1669 his
621 1641 708 1669 non
731 1627 932 1669 inferiora
955 1627 1122 1669 locutus

51 1730 54 1742 ξ
78 1737 82 1739 μ
117 1685 305 1730 excussit
326 1699 509 1742 pennas3
534 1698 717 1739 quarum
739 1684 964 1726 iactatibus
989 1684 1125 1726 omnis

28 1743 49 1787 ²³5?
116 1742 274 1786 adflata
296 1749 362 1785 est
383 1741 522 1792 tellus,
544 1742 765 1796 latumque
789 1740 1028 1796 perhorruit
1052 1754 1223 1795 aequor.

33 1824 46 1843 ,2
115 1799 448 1858 pulveremque
472 1797 643 1841 trahens
665 1812 743 1854 per
767 1813 934 1840 summa
957 1798 1179 1840 cacumina
1202 1798 1359 1854 pallam

114 1855 246 1900 verrit
268 1855 465 1906 humum,
488 1855 775 1912 pavidamque
797 1862 915 1897 metu
939 1854 1120 1910 caligine
1144 1862 1281 1898 tectus

116 1911 348 1970 Orithyian
369 1927 518 1956 amans
541 1912 669 1955 fulvis
693 1911 960 1968 amplectitur
983 1912 1074 1954 alis.

38 1980 44 2021 ξ
117 1970 222 2014 dum
245 1970 380 2021 volat,
404 1976 598 2013 arserunt
621 1969 771 2025 agitati
794 1967 944 2011 fortius
968 1968 1104 2025 ignes.

115 2041 196 2072 nec
218 2026 337 2085 prius
361 2026 463 2070 aerii
486 2041 635 2069 cursus
660 2025 895 2082 suppressit
918 2025 1120 2077 habenas,

115 2099 249 2184 πω
273 2082 484 2127 Ciconum
506 2083 642 2126 tenuit
664 2083 845 2139 populos
870 2090 913 2126 et
936 2082 1105 2126 moenia
1127 2091 1285 2139 raptor.

117 2141 129 2152 ‘
163 2141 203 2186 'c
226 2148 269 2185 et
291 2140 423 2198 gelidi
446 2140 631 2184 coniunx
654 2140 822 2182 Actaea
845 2140 1014 2195 tyranni

120 2206 163 2242 et
185 2198 380 2255 genetrix
402 2198 517 2241 facta
541 2205 617 2247 est,
641 2204 787 2254 partus
812 2197 938 2239 enixa
960 2196 1178 2252 gemellos,

26 2275 39 2299 v:3
115 2263 258 2299 cetera
280 2254 355 2311 qui
377 2255 544 2305 matris,
568 2269 729 2311 pennas
753 2254 956 2310 genitoris
980 2253 1199 2296 haberent.

39 2355 43 2358 .
115 2327 203 2356 non
226 2319 370 2356 tamen
392 2311 471 2355 has
493 2326 580 2354 una
603 2319 838 2354 memorant
863 2325 960 2353 cum
985 2324 1161 2366 corpore
1184 2317 1325 2354 natas:

116 2369 336 2425 barbaque
360 2368 463 2412 dum
486 2367 622 2411 rutilis
647 2367 795 2411 aberat
818 2367 1001 2410 subnixa
1025 2367 1202 2423 capillis,

7 2423 43 2439 *
115 2426 343 2484 implumes
368 2423 597 2480 Calaisque
621 2439 728 2481 puer
752 2424 964 2479 Zetesque
988 2423 1174 2467 fuerunt.

0 2498 1 2511 ¹
19 2485 47 2535 ἓῗέ
116 2497 219 2526 mox
240 2483 399 2540 pariter
420 2497 585 2539 pennae
608 2482 693 2524 ritu
718 2496 895 2547 coepere
919 2481 1142 2523 volucrum

6 2540 11 2544 ’
46 2565 49 2567 ‡
117 2540 290 2597 cingere
312 2546 540 2594 utrumque
563 2539 696 2588 latus,
720 2545 878 2594 pariter
900 2537 1129 2580 flavescere
1153 2538 1303 2582 malae.

99 2598 165 2640 er
195 2611 221 2640 ο
244 2596 321 2640 ubi
344 2595 552 2639 concessit
563 2603 742 2651 *tempus
766 2595 927 2651 pueril'e
950 2595 1162 2645 iuventae,

26 2665 30 2676 ⁴
117 2612 277 2698 vellera
299 2668 398 2697 cum
421 2652 585 2708 Minyis
609 2652 742 2694 nitido
766 2651 974 2694 radiantia
997 2652 1098 2694 villo

18 2702 50 2768 .Ῑῇ
117 2725 195 2768 per
217 2725 334 2756 mare
357 2724 444 2755 non
466 2717 615 2754 notum
638 2709 776 2767 prima
798 2708 958 2765 petiere
982 2708 1139 2752 carina.

1409 226 1493 272 105

1516 391 1588 424 680

1518 677 1587 710 685

1519 962 1590 995 690

1519 1244 1589 1276 695

1519 1529 1590 1561 700

1520 1813 1588 1846 705

1520 2097 1590 2129 710

1520 2380 1588 2413 715

1521 2664 1590 2698 720
