1774 3256
333 258 830 297 LOETAMORPHOSEON
852 259 950 297 LIB.
974 258 1006 295 Ι.
1031 258 1226 295 210-297.

154 365 160 379 =
193 342 354 394 timuit,
377 357 432 385 ne
455 341 564 385 forte
588 356 709 385 sacer
730 348 794 385 tot
817 341 872 384 ab
898 341 908 351 ⁰
941 341 1067 384 nibus
1092 340 1238 384 aether

44 407 46 410 ’
71 399 338 458 ‹mopsi-et
359 399 575 450 flammas,
597 400 837 456 longusque
861 413 909 441 ar
939 405 1101 442 esceret
1123 398 1229 441 axis.

72 455 127 513 ’ᾖ
164 482 183 494 =-
213 470 385 514 quoque
406 455 453 499 in
475 455 575 499 fatis
597 455 894 506 reminiscitur,
917 455 1065 499 adfore
1089 462 1272 511 tempus,

79 515 110 543 Τ
125 510 173 556 ;·ἰ
204 528 343 565 mare,
366 527 452 569 quo
476 513 602 558 tellus
626 520 904 570 correptaque
927 512 1047 569 regia
1070 512 1177 555 caeli

20 604 25 610 ψ.
226 578 246 615 t
268 578 312 614 et
333 569 484 614 mundi
505 570 640 614 moles
664 584 844 626 operosa
865 569 1043 613 laboret.

17 643 26 669 ς
73 619 155 687 'i‘
202 634 468 685 reponuntur
490 626 688 670 manibus
710 626 920 670 fabricata
943 624 1197 683 Cyclopum.

79 681 143 751 ,ἵε
165 706 221 721 αι
256 684 399 742 placet
421 683 608 734 diversa,
632 698 769 740 genus
792 683 970 727 mortale
995 683 1076 726 sub
1099 683 1226 726 undis

18 751 26 793 -J
76 755 94 790 ,J
106 748 112 750 ⁷
140 763 155 778 -=
184 762 231 779 ’.υ
259 761 271 778 ··
297 747 342 785 et
364 755 420 785 ex
442 740 559 783 omni
581 739 749 783 nimbos
773 740 994 783 demittere
1019 739 1149 783 caelo.

72 798 91 826 ’ἶ
115 795 141 852 [Ὗ
154 797 289 842 ·=·'us=·
311 796 477 841 Aeoliis
499 796 762 852 Aquilonem
786 796 947 839 claudit
968 796 1014 839 in
1036 797 1182 846 antris,

22 907 23 911 Ἰ
71 855 142 914 τᾷ
161 868 457 912 quaecumque
480 854 634 910 fugant
655 853 852 897 inductas
875 853 1048 896 flamina
1069 854 1220 904 nubes,

63 906 336 968 mittitque
357 911 533 962 Notum.
592 910 774 954 madidis
797 910 936 954 Notus
960 911 1101 955 evolat
1124 910 1215 961 alis,

22 981 26 987 ·
71 968 328 1022 ‘terribilem
349 967 473 1036 picea
494 975 632 1012 tectus
657 967 839 1024 caligine
862 968 1048 1010 vultum:

25 1074 27 1079 ¹
67 1020 233 1081 fla-rba
252 1040 396 1083 gravis
419 1025 590 1076 nimbis,
615 1025 732 1068 canis
754 1024 848 1068 fluit
869 1025 987 1068 unda
1010 1024 1187 1082 capillis,

27 1106 52 1121 ψ
72 1077 236 1134 Ifrunte
259 1081 410 1126 sedent
429 1082 628 1132 nebulae,
652 1089 798 1125 rorant
819 1096 1071 1138 pennaeque
1095 1082 1313 1138 sinusque.

66 1146 229 1197 “utque
252 1153 383 1183 manu
403 1139 490 1183 late
512 1139 742 1196 pendentia
764 1138 912 1181 nubila
934 1139 1101 1195 pressit,

164 1196 331 1254 fragon
353 1196 454 1239 hinc
476 1196 598 1239 densi
619 1195 858 1239 funduntur
881 1195 936 1238 ab
960 1196 1130 1240 aethere
1154 1196 1302 1239 nimbi.

26 1294 27 1297 ,
69 1260 246 1299 “tmtn
266 1253 444 1298 Iunonis
467 1253 607 1296 varios
631 1253 782 1296 induta
805 1253 966 1297 colores

31 1329 35 1346 1
63 1310 282 1369 foonoipit
302 1310 385 1354 Iris
408 1324 543 1366 aquas
566 1311 851 1365 alimentaque
873 1309 1061 1353 nubibus
1085 1309 1238 1354 adfert.

60 1369 343 1414 2-›120tsrnuntur
365 1374 532 1424 segetes
556 1375 599 1411 et
622 1367 843 1424 deplorata
866 1367 1026 1410 colonis

66 1421 79 1446 ·’
92 1430 199 1469 vota
218 1424 378 1476 iacent,
400 1424 604 1481 longique
626 1424 736 1481 perit
758 1424 880 1467 labor
901 1424 1043 1469 irritus
1068 1424 1182 1467 anni.

29 1529 34 1541 ί
68 1486 72 1489 ’
93 1496 177 1526 nec
199 1482 318 1526 caelo
342 1489 542 1533 contenta
565 1496 643 1525 suo
667 1489 731 1524 est
754 1481 870 1524 Iovis
893 1481 976 1532 ira,
1002 1481 1078 1525 sed
1100 1481 1222 1524 illum

26 1542 30 1581 J
59 1538 317 1583 1mruleus
340 1538 473 1583 frater
493 1538 615 1581 iuvat
637 1538 914 1582 auxiliaribus
937 1538 1078 1583 undis.

26 1591 31 1616 ³
65 1634 69 1635 γ
92 1602 306 1640 convocat
326 1594 398 1639 hic
419 1595 599 1639 Amnes.
659 1595 734 1650 qui
756 1603 983 1652 postquam
1007 1602 1120 1640 tecta
1142 1595 1314 1652 tyranni

30 1654 34 1662 “
59 1659 71 1698 J
90 1651 308 1696 intravere
331 1652 419 1704 sui,
443 1656 548 1695 ‘non
573 1659 637 1696 est
659 1652 895 1695 hortamine
918 1653 1049 1709 longo

68 1709 230 1760 ‘nunc'
254 1704 316 1752 ait
338 1709 578 1754 ‘utendum
636 1709 747 1752 vires
772 1709 977 1752 effundite
1001 1716 1164 1753 vestras

73 1805 74 1808 ,
90 1765 178 1821 (sic
201 1780 310 1823 opus
334 1763 432 1823 est),
457 1766 617 1833 aperite
641 1766 789 1809 domos
814 1781 865 1809 ac
887 1767 1000 1809 mole
1023 1773 1187 1810 remota

16 1867 28 1879 „
61 1833 75 1879 ξ·
90 1822 343 1867 fluminibus
365 1825 519 1867 vestris
542 1829 653 1866 totas
675 1823 875 1866 inmittite
898 1823 1127 1866 habenas?

92 1879 288 1924 iusserat.
346 1879 392 1923 hi
414 1879 595 1925 redeunt
617 1894 668 1923 ac
690 1880 881 1923 fontibus
905 1895 980 1923 ora
1002 1881 1207 1932 relaxant,

26 1940 46 1978 ἶ
61 1943 140 1995 Ιἓοίι
161 1935 382 1981 defrenato
405 1937 636 1982 volvuntur
657 1937 702 1980 in
725 1951 912 1992 aequora
936 1952 1076 1980 cursu.

24 2003 70 2050 '⁵2³2
91 1992 188 2051 ipse
210 1993 392 2038 tridente
415 2009 495 2037 suo
518 2001 675 2038 terram
698 1994 923 2050 percussit:
949 2002 993 2037 at
1015 1995 1089 2037 illa

43 2066 74 2109 ‚5
92 2049 314 2095 intremuit
335 2058 541 2107 motuque
564 2051 656 2094 vias
678 2051 881 2108 patefecit
905 2066 1126 2107 aquarum.

36 2107 314 2165 -cxpatiata
335 2115 467 2151 ruunt
489 2123 566 2165 per
588 2116 757 2165 apertos
781 2108 957 2153 flumina
981 2124 1168 2166 campos,

34 2162 281 2221 {cumque
304 2165 407 2208 satis
431 2165 606 2209 arbusta
629 2165 754 2208 simul
777 2166 1048 2222 pecudesque
1072 2166 1271 2222 virosque

32 2229 44 2279 f
58 2229 63 2232 ’
78 2227 294 2278 jactaque
317 2235 502 2278 cumque
526 2222 614 2265 suis
637 2223 807 2279 rapiunt
831 2223 1065 2280 penetralia
1089 2224 1233 2267 sacris.

28 2295 46 2323 ,·
67 2276 135 2333 ji
154 2291 242 2334 qua
265 2278 418 2322 domus
440 2279 596 2323 mansit
618 2279 841 2336 potuitque
864 2280 1058 2323 resistere
1083 2287 1202 2323 tanto

30 2350 50 2366 s
66 2332 306 2387 indeiecta
327 2336 455 2388 malo,
479 2336 648 2380 culmen
672 2344 816 2380 tamen
839 2337 964 2381 altior
987 2337 1113 2380 huius

29 2390 32 2394 ’
72 2391 213 2438 'sunda
234 2392 360 2457 tegit,
383 2407 639 2450 pressaeque
662 2394 795 2436 latent
820 2393 901 2436 sub
924 2394 1092 2451 gurgite
1116 2401 1266 2437 turres.

68 2516 239 2567 symma
261 2513 417 2563 pontus
440 2515 579 2550 erant:
605 2507 779 2551 deerant
802 2522 973 2563 quoque
996 2507 1120 2551 litora
1142 2516 1287 2565 ponto.

51 2592 53 2596 .
90 2570 279 2620 occupat
299 2563 370 2606 hic
393 2564 563 2615 eollem3
589 2564 744 2607 cumba
768 2564 886 2607 sedet
910 2565 1016 2607 alter
1039 2565 1207 2609 adunca

43 2659 47 2663 .,
65 2623 140 2668 §et
161 2618 280 2664 ducit
301 2634 442 2664 remos
463 2620 570 2672 illic,
593 2621 669 2663 ubi
692 2636 830 2677 nuper
852 2629 1005 2664 ararat.

31 2680 36 2692 '
91 2672 166 2720 ille
188 2691 318 2734 supra
341 2684 507 2734 segetes
532 2685 607 2721 aut
628 2693 793 2722 mersae
817 2678 1002 2722 culmina
1024 2679 1150 2723 villae

32 2784 37 2791 .
72 2732 288 2794 ,ζιιινίςαΐε
313 2733 383 2778 hic
407 2749 574 2778 summa
597 2735 758 2791 piscem
782 2735 1005 2792 deprendit
1026 2736 1071 2779 in
1094 2737 1222 2780 ulmo.

31 2787 239 2847 ‘figitur
260 2790 306 2834 in
328 2791 473 2844 viridi,
498 2792 535 2836 si
557 2791 646 2836 fors
671 2792 780 2844 tulit,
805 2807 961 2837 ancora
983 2801 1119 2851 prato,

28 2445 31 2499 ]
67 2446 267 2516 -siamque
289 2465 407 2493 mare
431 2457 475 2494 et
497 2450 621 2493 tellus
646 2451 810 2493 nullum
835 2451 1061 2493 discrimen
1085 2451 1321 2494 habebant:

1497 411 1565 443 255

1498 696 1567 729 260

1500 981 1566 1014 265

1499 1267 1567 1300 270

1499 1553 1565 1586 275

1499 1839 1566 1873 280

1499 2125 1564 2158 285

1498 2410 1565 2442 290

1496 2695 1564 2728 295
