1786 3242
317 229 813 269 METAMORPHOSEON
835 229 933 267 LIB.
957 229 1043 267 XV.
1071 229 1263 266 757-844.

104 314 152 359 in
175 313 382 381 templum
404 313 536 381 gladii
543 329 556 364 3
579 327 720 368 neque
743 312 856 356 enim
879 312 998 355 locus
1022 311 1134 354 ullus
1157 311 1202 353 in
1224 310 1329 354 urbe

56 364 65 414 -J
102 369 165 414 ad
186 370 354 418 facinus
377 369 596 425 d1ramque
619 370 779 426 placet,
803 369 885 412 nisi
907 368 1044 419 curia,
1068 367 1255 412 caedem.

103 434 200 471 tum
223 441 325 470 vero
350 425 566 483 Cytherea
588 441 718 469 manu
741 426 949 482 percussit
970 433 1152 480 utraque

105 490 256 541 pectus
281 491 324 526 et
346 483 583 526 Aeneaden
605 483 777 526 molitur
799 482 985 525 condere
1005 481 1134 532 nube,

56 563 61 598 f
101 553 193 596 qua
214 539 333 607 prius
356 539 511 583 infesto
533 539 659 583 Paris
683 546 748 582 est
770 546 939 595 ereptus
963 538 1158 589 Atridae,

101 603 151 640 et
172 595 435 640 Diomedeos
458 597 633 639 Aeneas
655 595 826 652 fugerat
849 610 985 638 enses.

63 678 66 681 Δ
102 652 264 696 talibus
287 652 399 696 hanc
421 652 607 709 genitor:
633 652 743 694 ‘sola
765 651 1050 708 insuperabile
1075 651 1224 702 fatum,

58 734 61 735 ν
103 717 222 761 nata,
245 723 416 763 movere
438 708 590 765 paras?
612 708 865 758 intresjicet
888 708 983 764 ipsa
1006 722 1198 750 sororum

102 772 219 810 tecta
241 765 389 809 trium:
415 780 560 809 cernes
584 765 670 808 illic
693 764 909 807 molimine
934 771 1054 806 vasto

54 834 58 842 ’·
101 838 161 867 ex
185 838 282 867 aere
307 831 350 866 et
372 822 508 866 solido
531 837 673 865 rerum
697 821 908 864 tabularia
930 820 1056 871 ferro,

56 898 57 903 ¹
104 893 218 935 quae
239 894 381 936 neque
405 894 659 923 concursum
683 878 789 922 caeli
811 891 952 933 neque
976 877 1165 920 fulminis
1189 877 1296 920 iram

59 990 66 993 ‚.
102 950 186 980 nec
208 943 404 980 metuunt
427 936 536 980 ullas
560 942 652 978 tuta
676 943 804 991 atque
828 941 1000 978 aeterna
1023 934 1179 976 ruinas.

102 991 296 1036 invenies
319 993 406 1036 illic
428 992 563 1036 incisa
587 992 813 1035 adamante
823 990 1014 1058 ’perenni

50 1091 53 1094 .
102 1049 195 1093 fata
217 1049 279 1092 tui
301 1049 484 1106 generis.
542 1049 629 1106 legi
651 1049 743 1105 ipse
766 1062 993 1103 animoque
1018 1047 1163 1090 notavi

15 1117 19 1121 ’
48 1150 51 1158 ,,
101 1113 149 1150 et
170 1105 372 1156 referam,
397 1121 452 1150 ne
476 1105 533 1149 sis
557 1106 789 1150 etiamnum
812 1105 963 1161 ignara
986 1104 1133 1147 futuri.

104 1161 175 1206 hic
199 1177 279 1218 sua
301 1177 396 1206 com
427 1163 550 1213 levit,
574 1177 651 1218 pro
675 1176 775 1217 quo,
802 1160 1036 1218 Cytherea,
1060 1161 1244 1212 laboras,

48 1215 53 1266 s
101 1226 191 1262 tem
248 1234 298 1262 ra
318 1234 373 1276 pe
415 1219 539 1270 ectis,
564 1233 672 1274 quos
696 1226 832 1262 terrae
858 1218 1024 1268 debuit,
1049 1218 1185 1260 annis.

101 1282 152 1319 ut
205 1290 281 1319 eus
305 1276 478 1320 accedat
502 1276 620 1319 caelo
645 1275 898 1332 templisque
923 1275 1098 1325 colatur,

103 1338 154 1379 tu
175 1331 308 1376 facies
331 1340 542 1388 natusque
567 1348 688 1375 suus:
714 1332 788 1387 qui
811 1331 993 1374 nominis
1017 1331 1139 1374 heres

38 1419 40 1422 -
99 1387 348 1446 impositum
371 1389 481 1433 feret
503 1405 614 1432 unus
638 1404 765 1439 onus,
790 1389 987 1443 caesique
1012 1388 1198 1444 parentis

102 1459 181 1488 nos
205 1445 250 1489 in
272 1445 386 1490 bella
409 1461 508 1489 suos
532 1445 786 1488 fortissimus
810 1445 922 1487 ultor
944 1444 1129 1488 habebit.

100 1501 218 1545 illius
243 1503 441 1559 auspiciis
466 1503 665 1546 obsessae
689 1502 858 1545 moenia
882 1517 1033 1558 pacem

14 1557 33 1607 ’,
103 1559 218 1602 victa
297 1567 388 1603 tent
409 1559 627 1610 Mutinae,
650 1558 876 1602 Pharsalia
899 1559 1052 1601 sentiet
1074 1558 1208 1609 illum,

7 1643 16 1651 -›
35 1636 43 1663 ‚2
103 1614 233 1659 Emat
266 1616 392 1672 'aque
415 1616 570 1659 iterum
594 1615 822 1659 madefient
845 1615 974 1658 caede
998 1615 1201 1672 Philippi,

40 1682 51 1721 ',
100 1679 148 1715 et
170 1673 385 1729 Magnum
409 1671 566 1716 Siculis
589 1687 746 1716 nomen
769 1672 1039 1729 superabitur
1062 1673 1202 1722 undis,

9 1768 15 1795 ἶ
39 1754 42 1758 f
70 1751 73 1753 ⁴
103 1729 375 1785 Romanique
398 1729 520 1773 ducis
544 1729 730 1772 coniunx
753 1729 972 1785 Aegyptia
996 1729 1145 1772 taedae

101 1800 190 1828 non
213 1786 323 1829 bene
346 1785 426 1829 fisa
448 1785 591 1829 cadet:
615 1786 858 1841 frustraque
883 1785 961 1828 erit
983 1785 1056 1828 illa
1079 1786 1252 1836 minata,

101 1842 311 1886 servitura
335 1857 412 1885 suo
437 1840 652 1899 Capitolia
673 1849 818 1885 nostra
842 1840 1035 1898 Canopo.

101 1898 208 1998 guid
231 1899 310 1942 tibi
333 1899 575 1942 barbariam
598 1906 833 1959 gentesque
858 1899 913 1941 ab
937 1908 1118 1954 utroque
1142 1899 1328 1942 iacentes

151 1970 282 1999 ceano
305 1957 552 1999 numerem?
586 1956 886 2012 quodcumque
910 1955 1141 1999 habitabile
1166 1956 1291 1999 tellus

104 2012 304 2064 sustinet,
329 2012 456 2056 huius
481 2013 578 2056 erit:
603 2021 758 2069 pontus
783 2027 954 2068 quoque
979 2012 1133 2055 serviet
1157 2012 1230 2055 illi.

101 2083 210 2136 pace
234 2069 335 2112 data
358 2069 480 2112 terris
504 2069 695 2112 animum
719 2069 774 2111 ad
799 2069 938 2112 civilia
962 2076 1097 2112 vertet

35 2166 37 2169 ,
101 2141 198 2168 iura
222 2141 348 2169 suum
370 2126 574 2183 legesque
598 2126 706 2169 feret
729 2126 984 2168 iustissimus
1009 2133 1175 2168 auctor:

102 2182 385 2239 exemploque
409 2197 487 2225 suo
511 2197 650 2226 mores
673 2190 812 2239 reget,
837 2182 966 2238 inque
990 2182 1123 2225 futuri

22 2242 30 2291 s
100 2239 306 2305 temperis
330 2246 515 2282 aetatem
538 2246 898 2294 venturorumque
921 2247 1126 2295 nepotum

134 2295 365 2352 rospiciens
389 2296 550 2352 prolem
575 2303 723 2339 sancta
746 2296 800 2338 de
825 2296 1006 2352 coniuge
1029 2303 1172 2338 natam

123 2367 215 2396 erre
240 2353 366 2396 simul
390 2367 631 2407 nomenque
656 2368 781 2395 suum
806 2367 1014 2408 curasque
1038 2353 1202 2395 iubebit
1209 2370 1221 2404 ;

7 2399 39 2454 ἓξ,
100 2423 183 2452 nec
205 2409 288 2452 nisi
312 2424 410 2452 cum
435 2409 575 2453 senior
596 2409 745 2465 Pylios
770 2409 1016 2464 aequaverit
1042 2424 1188 2460 annos,

7 2781 32 2864 ἓ

6 2891 25 2972 ξ

9 2463 38 2516 ‘5⁴
100 2465 313 2509 aetherias
339 2465 461 2509 sedes
486 2474 753 2522 cognataque
778 2465 917 2509 sidera
940 2473 1099 2523 tanget.

0 2536 4 2558 ss
27 2571 29 2574 .
103 2521 215 2566 hanc
238 2522 425 2566 animam
447 2522 610 2566 interea
633 2537 756 2565 caeso
782 2522 834 2565 de
860 2537 1034 2579 corpore
1058 2531 1224 2580 raptam

91 2577 174 2621 -fac
196 2577 334 2630 iubar,
358 2586 406 2622 ut
429 2594 596 2636 semper
621 2577 835 2635 Capitolia
858 2588 1002 2622 nostra
1025 2579 1271 2636 Forumque

0 2659 11 2692 Ι·
102 2634 230 2678 divus
254 2635 310 2678 ab
334 2636 502 2679 excelsa
524 2644 766 2692 prospectet
789 2636 925 2678 Iulius
950 2636 1083 2679 aede.’

161 2691 250 2735 Vix
273 2707 325 2735 ea
348 2693 462 2736 fatus
487 2700 596 2743 erat,
621 2692 763 2735 media
787 2707 884 2735 cum
909 2693 1009 2736 sede
1035 2701 1207 2736 senatus

101 2748 292 2791 constitit
315 2749 427 2793 alma
450 2750 600 2794 Venus
623 2749 728 2792 nulli
753 2749 966 2793 cernenda
990 2750 1139 2806 suique

175 2814 262 2844 acuatu·
272 2815 321 2845 vol.
334 2815 375 2845 11.
1210 2818 1255 2854 18

1398 219 1482 262 273

1509 549 1576 583 805

1510 834 1578 866 810

1510 1118 1577 1150 815

1510 1401 1578 1434 820

1511 1686 1577 1719 825

1510 1970 1578 2002 830

1512 2254 1577 2286 835

1510 2537 1579 2570 840
