1786 3242
402 271 484 315 168
868 282 911 318 P.
939 283 1104 320 OVIDII
1126 284 1342 324 NASONIS

397 361 530 411 misit,
555 368 596 404 et
621 362 834 418 oppositas
859 363 1022 406 disiecit
1044 365 1228 420 pondere
1251 367 1400 410 nubes.

307 430 373 462 180
396 418 569 460 reccidit
591 418 635 460 in
660 418 837 460 solidam
860 420 987 476 longo
1010 428 1106 476 post
1129 428 1316 478 tempore
1339 430 1492 468 terram

305 710 368 742 185

396 473 562 529 pondus
586 481 626 516 et
651 474 842 517 exhibuit
863 475 1050 518 iunctam
1074 491 1171 519 cum
1194 478 1354 522 viribus
1378 487 1526 524 artem.

394 529 585 585 protinus
609 530 855 586 imprudens
880 539 1083 587 actusque
1107 534 1304 589 cupidine
1327 535 1446 579 lusus

394 585 540 628 tollere
564 585 821 629 Taenarides
846 588 991 630 orbem
1014 603 1090 644 pro
1123 590 1278 632 erabat.
1337 598 1379 634 at
1402 592 1523 637 illum

395 641 501 683 dura
523 656 769 698 repercusso
794 643 970 686 subiecit
994 604 1178 700 pondere
1201 646 1324 689 tellus

394 697 437 739 in
461 697 622 748 vultus,
647 698 902 754 Hyacinthe,
927 707 1035 742 tuos.
1095 702 1297 757 expalluit
1320 702 1490 758 aeques

395 767 522 808 quam
546 769 664 809 puer,
688 755 778 811 ipse
803 755 926 806 deus,
952 757 1242 813 collapsosque
1266 759 1420 815 excipit
1443 767 1576 813 artus,

394 816 437 852 et
459 810 586 852 modo
610 818 651 853 te
674 811 857 861 refovet,
881 812 1007 854 modo
1031 813 1166 856 tristia
1189 815 1364 858 vulnera
1386 816 1528 866 siccat,

393 879 507 908 nunc
532 867 715 909 animam
740 868 919 910 admotis
944 868 1178 925 fugientem
1201 871 1378 914 sustinet
1400 871 1558 916 herbis.
1587 923 1589 925 ¹

392 921 453 963 nil
477 930 652 978 prosunt
676 931 805 965 artes:
830 932 919 966 erat
942 925 1234 970 inmedicabile
1257 928 1425 971 vulnus.

305 989 370 1022 190
394 985 441 1019 ut
465 978 499 1020 si
523 979 616 1033 quis
641 979 772 1022 violas
795 980 970 1036 riguove
993 997 1205 1037 papavera
1227 983 1270 1026 in
1293 983 1415 1026 horto

302 1270 366 1302 195

391 1034 561 1088 liliaque
585 1035 787 1091 infringat
810 1036 937 1079 fulvis
962 1037 1171 1080 horrentia
1194 1039 1364 1095 linguis,

391 1090 578 1132 marcida
601 1091 821 1134 demittant
846 1092 984 1134 subito
1009 1102 1135 1150 caput
1158 1095 1229 1137 illa
1252 1096 1411 1139 vietum

390 1161 469 1189 nec
493 1161 538 1188 se
562 1147 815 1198 sustineant,
841 1157 1112 1204 spectentque
1137 1153 1354 1195 cacumine
1377 1160 1552 1196 terram=

391 1202 451 1244 sic
474 1203 615 1245 vultus
639 1203 820 1246 moriens
845 1204 953 1247 iacet
976 1213 1018 1248 et
1042 1206 1206 1250 defecta
1229 1208 1374 1264 vigore

390 1258 481 1313 ipsa
504 1258 583 1300 sibi
608 1266 671 1301 est
695 1260 811 1302 oneri
836 1261 977 1303 cervix
1000 1277 1230 1318 umeroque
1253 1265 1474 1308 recumbit.

391 1314 596 1367 “laberis,
622 1313 850 1366 Oebalide,
874 1317 1009 1372 prima
1032 1318 1224 1362 fraudate
1247 1320 1460 1371 iuventa,”

390 1369 592 1413 Phoebus
618 1371 676 1413 ait
700 1372 939 1428 “videoque
963 1382 1103 1425 tuum,
1127 1390 1222 1418 mea
1245 1376 1438 1428 crimina,
1462 1378 1632 1421 vulnus.

390 1434 437 1468 tu
461 1427 580 1468 dolor
603 1442 647 1470 es
672 1427 920 1483 facinusque
943 1444 1085 1472 meum
1093 1447 1104 1481 3
1129 1446 1224 1474 mea
1247 1432 1420 1475 dextera
1442 1433 1528 1477 leto

389 1482 657 1526 inscribenda
680 1491 753 1526 tuo
778 1492 859 1535 est3
885 1496 969 1541 ego'
989 1501 1084 1528 sum
1106 1487 1183 1529 tibi
1205 1488 1363 1531 funeris
1388 1496 1547 1556 auctor.

300 1551 366 1583 200
390 1552 499 1593 quae
522 1554 618 1582 mea
642 1540 767 1596 culpa
789 1542 957 1584 tamen?
979 1542 1060 1584 nisi
1084 1543 1120 1585 si
1142 1543 1292 1587 lusisse
1315 1558 1456 1588 vocari

297 1831 361 1864 205

294 2111 360 2142 210

291 2391 356 2423 215

389 1595 513 1650 culpa
536 1603 694 1651 potest,
717 1597 797 1638 nisi
822 1598 945 1653 culpa
967 1606 1107 1654 potest
1129 1607 1170 1642 et
1194 1615 1357 1644 amasse
1381 1601 1535 1645 vocari.

388 1660 515 1705 atque
538 1652 700 1694 utinam
723 1653 872 1695 merito
896 1654 1025 1696 vitam
1049 1662 1271 1711 tecumque
1294 1657 1438 1700 liceret

386 1707 580 1750 reddere!
618 1709 691 1751 sed
715 1709 912 1763 quoniam
936 1710 1054 1753 fatali
1076 1712 1171 1767 lege
1195 1719 1411 1763 tenemur,

388 1778 552 1819 semper
575 1765 656 1806 eris
681 1780 847 1807 mecum
870 1767 1129 1821 memorique
1152 1768 1343 1811 haerebis
1366 1769 1411 1812 in
1434 1783 1518 1812 ore.

386 1827 427 1861 te
451 1820 543 1875 lyra
565 1821 688 1876 pulsa
710 1836 858 1871 manu,
884 1829 925 1864 te
950 1823 1136 1865 carmina
1157 1832 1301 1867 nostra
1325 1826 1548 1877 sonabunt,

385 1875 547 1929 flosque
570 1891 705 1918 novus
729 1878 883 1932 scripto
907 1879 1088 1933 gemitus
1112 1880 1330 1924 imitabere
1351 1889 1528 1924 nostros.

385 1938 551 1987 tempus
575 1940 617 1974 et
639 1933 743 1974 illud
768 1934 865 1985 erit,
889 1948 972 1988 quo
998 1949 1043 1977 se
1066 1934 1317 1979 fortissimus
1339 1937 1463 1980 heros

387 1987 516 2029 addat
538 1988 582 2029 in
605 1988 717 2031 hunc
740 1989 885 2031 florem
909 1990 1094 2045 folioque
1116 1992 1156 2034 le
1189 1999 1282 2034 atur
1305 1993 1495 2036 eodem.'’

385 2043 486 2085 talia
510 2044 610 2086 dum
636 2059 734 2087 vero
758 2054 1044 2101 memorantur
1066 2007 1277 2103 Apollinis
1301 2063 1386 2100 ore,

385 2113 482 2141 ecce
507 2114 642 2150 cruor,
667 2101 741 2155 qui
763 2101 883 2143 fusus
907 2102 1035 2144 humo
1061 2104 1299 2159 signaverat
1321 2105 1488 2157 herbas,

384 2155 537 2198 desinit
561 2171 653 2199 esse
677 2171 812 2207 cruor,
837 2158 1052 2213 Tyrioque
1077 2160 1273 2203 nitentior
1295 2169 1407 2204 ostro

382 2211 459 2253 flos
484 2212 615 2254 oritur
637 2213 899 2267 formamque
924 2216 1036 2270 capit
1060 2230 1187 2270 quam
1210 2217 1314 2268 lilia,
1340 2218 1375 2259 si
1397 2232 1482 2260 non

382 2282 618 2323 purpureus
643 2270 758 2311 color
781 2269 864 2319 his,
890 2279 1114 2326 argenteus
1139 2281 1250 2315 esset
1272 2273 1317 2315 in
1339 2273 1435 2316 illis.

381 2337 466 2365 non
490 2325 591 2366 satis
614 2324 694 2367 hoc
717 2325 894 2368 Phoebo
920 2334 981 2369 est
1005 2326 1059 2380 (is
1084 2328 1195 2370 enim
1218 2329 1299 2371 fuit
1322 2338 1468 2372 auctor
1489 2329 1700 2387 honoris)=

381 2379 472 2435 ipse
496 2395 594 2422 suos
617 2381 800 2436 gemitus
824 2382 934 2424 foliis
958 2383 1165 2434 inscribit,
1190 2392 1232 2427 et
1254 2386 1322 2428 AI
1345 2386 1413 2428 AI

379 2436 457 2478 flos
482 2436 610 2479 habet
633 2437 898 2493 inscriptum,
922 2438 1173 2494 funestaque
1196 2441 1332 2485 littera
1356 2442 1483 2484 ducta
1505 2450 1581 2485 est.

380 2506 459 2534 nec
483 2493 680 2548 genuisse
703 2493 835 2549 pudet
860 2494 1042 2550 Sparten
1066 2497 1357 2552 Hyacinthon,
1381 2498 1598 2554 honorque

381 2548 503 2590 durat
526 2549 570 2591 in
594 2549 674 2591 hoc
698 2550 791 2592 aevi
799 2566 810 2601 3
837 2551 1170 2606 celebrandaque
1193 2567 1308 2596 more
1331 2554 1518 2610 priorum

332 2633 334 2635 »
381 2619 521 2647 annua
544 2606 732 2660 praelata
754 2606 932 2649 redeunt
955 2608 1214 2662 Hyacinthia
1236 2623 1404 2666 pompa.

289 2672 356 2703 220

436 2661 497 2702 At
516 2661 549 2702 si
568 2661 675 2704 forte
688 2677 810 2717 roges
823 2663 1050 2705 fecundam
1061 2664 1326 2708 Amathunta
1342 2667 1534 2718 metallis,
1561 2667 1737 2703 Cera-³1⁰⁶·
1771 2658 1773 2661 ¹

379 2731 433 2758 an
457 2717 654 2772 genuisse
677 2719 779 2760 velit
800 2718 1096 2774 Propoetidas,
1122 2720 1280 2765 abnuet
1302 2736 1436 2778 aeque
1723 2745 1725 2748 ·

378 2780 504 2827 atque
523 2773 629 2823 illos,
648 2774 818 2829 gemino
837 2775 1049 2830 quondam
1067 2776 1221 2831 quibus
1240 2792 1389 2834 aspera
1408 2793 1539 2822 cornu
