1786 3242
308 244 390 287 158
749 253 793 287 P.
820 251 985 288 OVIDII
1009 250 1226 288 NASONIS

307 334 452 376 oscula
475 332 618 376 sentiri
641 347 727 375 non
751 347 842 375 esse
867 331 1025 374 sororia
1048 338 1236 387 possunt.

216 403 283 435 540
306 391 398 446 ipsa
421 396 580 439 tamen,
604 389 797 443 quamvis
822 388 961 430 animo
984 403 1114 444 grave
1137 388 1291 430 vulnus
1313 387 1538 440 habebam,

337 446 499 488 uamvis
522 445 635 486 intus
659 451 749 487 erat
771 444 889 486 furor
911 444 1081 500 igneus,
1106 444 1246 486 omnia
1268 444 1364 495 feci,
1500 458 1502 461 ’

307 461 426 555 &sunt
448 501 550 543 mihi
574 501 616 542 di
641 500 800 556 testes),
823 507 871 542 ut
894 501 1064 542 tandem
1089 501 1228 542 sanior
1252 515 1406 544 essem:

306 558 576 613 pugnavique
600 557 673 598 diu
696 556 880 599 violenta
904 555 1127 612 Cupidinis
1151 572 1268 598 arma

307 614 495 669 effugere
517 612 683 655 infelix:
709 620 750 656 et
775 614 887 669 plus,
912 627 1039 667 quam
1062 613 1172 656 ferre
1195 613 1380 669 puellam

216 683 282 714 545
306 684 430 726 posse
453 676 594 726 putes,
619 683 699 725 ego
723 669 830 711 dura
852 669 941 711 tuli.
1001 677 1197 725 superata
1219 669 1341 712 fateri

307 740 437 783 cogor
459 740 667 781 opemque
691 733 809 767 tuam
832 725 988 767 timidis
1013 740 1238 782 exposcere
1262 726 1383 768 votis.

306 790 355 825 tu
379 798 545 825 servare
568 789 687 838 potes
695 781 717 832 ,”
731 790 778 824 tu
801 782 976 838 perdere
1001 783 1115 824 solus
1140 789 1372 824 amantem:

307 839 360 882 eli
394 854 434 889 e,
459 846 601 881 utrum
625 838 775 880 facias!
822 853 907 880 non
931 838 1011 880 hoc
1034 839 1205 881 inimica
1227 845 1436 894 precatur,

243 936 261 942 ,
308 910 351 938 se
406 909 533 950 quae,
559 909 655 937 cum
679 895 755 936 tibi
780 894 833 936 sit
855 895 1135 945 iunctissima,
1158 895 1339 937 iunctior
1361 908 1454 938 esse

215 964 283 996 550
307 952 466 1007 expetit
489 958 531 994 et
553 951 691 993 vinclo
714 959 854 994 tecum
878 952 1071 1007 propiore
1094 951 1230 1007 ligari.

306 1008 400 1050 iura
423 1022 543 1050 senes
567 1008 706 1049 norint
730 1015 790 1058 et,
815 1008 916 1063 quid
939 1008 1147 1063 liceatque
1170 1007 1375 1062 nefasque

307 1064 456 1119 fasque
481 1064 551 1114 sit,
575 1064 786 1119 inquirant
809 1065 1037 1120 legumque
1062 1064 1256 1107 examina
1279 1069 1459 1107 servent.

308 1120 560 1163 conveniens
584 1121 732 1163 Venus
757 1128 819 1163 est
843 1121 962 1162 annis
987 1121 1208 1163 temeraria
1231 1121 1396 1163 nostris.
1429 1147 1443 1158 ο

307 1176 410 1231 quid
432 1177 556 1219 liceat
579 1177 788 1219 nescimus
812 1177 969 1227 adhuc,
995 1185 1035 1219 et
1059 1185 1210 1219 cuncta
1232 1177 1357 1220 licere

215 1244 282 1276 555
308 1233 516 1275 oredimus
542 1240 583 1274 et
607 1233 822 1287 sequimur
845 1248 1095 1289 magnorum
1120 1234 1312 1289 exempla
1336 1233 1525 1276 deorum.

305 1303 383 1331 nec
406 1303 483 1330 nos
507 1296 580 1330 aut
603 1289 733 1331 durus
756 1296 876 1345 pater
900 1297 973 1331 aut
995 1290 1229 1332 reverentia
1251 1290 1391 1332 famae

307 1352 381 1386 aut
404 1345 528 1387 timor
550 1345 750 1400 impediet
773 1345 956 1399 (tantum
981 1346 1034 1387 sit
1057 1360 1185 1388 causa
1208 1345 1441 1402 t>imendil):

307 1401 447 1443 dulcia
470 1401 654 1443 fraterno
679 1402 758 1443 sub
781 1402 950 1444 nomine
975 1402 1087 1444 furta
1110 1409 1315 1458 tegemus.

307 1465 370 1499 est
393 1457 497 1499 mihi
520 1457 689 1500 libertas
714 1465 854 1500 tecum
879 1466 1039 1500 secreta
1061 1458 1275 1513 loquendi,

216 1525 284 1557 560
308 1521 349 1556 et
373 1514 521 1555 damus
547 1514 765 1569 amplexus
790 1521 831 1556 et
854 1514 1069 1570 iungimus
1093 1516 1236 1557 oscula
1259 1528 1414 1556 coram.

305 1577 510 1624 quantum
535 1577 616 1620 est,
642 1571 758 1625 quod
782 1571 913 1613 desit?
947 1571 1144 1613 miserere
1168 1571 1337 1613 fatentis
1363 1585 1527 1614 amores

307 1633 349 1668 et
372 1641 456 1668 non
481 1626 689 1676 fassurae,
713 1627 793 1668 nisi
818 1634 988 1683 cogeret
1011 1627 1182 1669 ultimus
1207 1628 1350 1669 ardor:

305 1698 413 1725 neve
436 1698 596 1725 merere
621 1697 715 1726 meo
740 1683 948 1726 subscribi
972 1698 1100 1726 causa
1123 1683 1343 1740 sepulcro!

305 1739 406 1781 talia
428 1739 684 1794 nequiquam
707 1747 971 1795 perarantem
995 1741 1120 1795 plena
1143 1740 1311 1795 reliquit

214 1808 280 1841 565
306 1810 402 1838 cera
424 1811 616 1845 manum,
641 1810 914 1850 summusque
937 1797 980 1837 in
1005 1796 1194 1852 margine
1217 1811 1364 1838 versus
1389 1796 1592 1840 adhaesit.

305 1851 494 1907 protinus
517 1852 723 1907 impressa
746 1852 885 1908 signat
909 1868 986 1894 sua
1010 1853 1184 1895 crimina
1206 1867 1389 1908 gemma,

306 1922 435 1961 quam
458 1907 582 1950 tinxit
604 1908 785 1950 lacrimis
810 1908 1020 1964 (linguam
1045 1909 1257 1951 defecerat
1280 1908 1435 1965 umor),

305 1964 443 2019 deque
467 1964 554 2006 suis
577 1979 708 2006 unum
732 1964 901 2006 famulis
925 1965 1174 2020 pudibunda
1197 1965 1363 2007 vocavit

305 2027 347 2062 et
369 2020 570 2076 pavidum
594 2020 782 2062 blandita
807 2020 955 2071 ‘feras‚
978 2021 1198 2072 fidissime,
1222 2028 1364 2063 nostro
1386 2021 1462 2052 —’

213 2089 280 2120 570
306 2076 428 2126 dixit,
454 2084 495 2118 et
519 2077 670 2119 adiecit
692 2078 820 2132 longo
843 2085 938 2132 post
961 2084 1149 2133 tempore
1173 2077 1337 2119 ‘fratri.’

305 2147 402 2175 cum
427 2133 564 2183 daret,
589 2134 756 2189 elapsae
780 2134 974 2175 manibus
999 2134 1187 2177 cecidere
1210 2134 1405 2176 tabellae.

304 2189 442 2231 omine
466 2189 635 2231 turbata
659 2196 739 2231 est:
765 2190 879 2231 misit
902 2197 1056 2232 tamen.
1117 2197 1216 2246 apta
1239 2189 1430 2232 minister

303 2252 494 2301 tempora
516 2253 665 2288 nactus
690 2246 796 2296 adit,
822 2246 1032 2301 traditque
1055 2247 1231 2289 fatentia
1254 2246 1397 2289 verba.

304 2302 505 2343 attonitus
530 2302 669 2344 subita
691 2302 854 2345 iuvenis
878 2302 1155 2345 Maeandrius
1179 2303 1241 2345 ira

212 2370 277 2401 575
302 2358 451 2413 proicit
475 2366 669 2414 acceptas
692 2358 801 2401 lecta
824 2359 905 2400 sibi
928 2367 1047 2418 parte
1071 2359 1262 2409 tabellas,

302 2414 458 2468 vixque
481 2430 632 2457 manus
656 2415 839 2457 retinens
864 2415 1110 2471 trepidantis
1136 2416 1189 2457 ab
1214 2430 1286 2458 ore
1310 2415 1489 2458 ministri

303 2470 424 2511 ‘dum
448 2471 563 2521 licet,
589 2486 613 2513 0
638 2471 791 2514 vetitae
816 2472 1015 2514 scelerate
1038 2472 1222 2513 libidinis
1246 2478 1404 2522 auctor,

303 2526 462 2582 effuge’
488 2527 558 2569 ait.
618 2531 630 2550 ‘
638 2527 729 2582 qui,
755 2527 789 2569 si
812 2536 1003 2569 nostrum
1026 2535 1099 2570 tua
1122 2528 1210 2570 fata
1233 2528 1439 2584 pudorem

301 2597 386 2624 non
411 2583 622 2625 traherent
646 2598 808 2634 secum,
833 2599 990 2639 poenas
1013 2584 1117 2626 mihi
1139 2592 1273 2627 morte
1297 2584 1513 2627 dedisses-⁹

210 2651 278 2683 580
301 2639 371 2681 ille
395 2638 506 2694 fugit
529 2639 708 2695 pavidus
733 2640 1011 2695 dominaeque
1035 2640 1192 2683 ferocia
1216 2639 1355 2683 Cauni

303 2694 414 2736 dicta
436 2695 576 2738 refert.
635 2696 766 2751 palles
791 2697 953 2747 audita,
978 2696 1125 2752 Bybli,
1149 2697 1330 2752 repulsa,

303 2758 346 2793 et
368 2759 495 2806 pavet
519 2752 735 2794 obsessum
761 2752 928 2808 glaciali
951 2753 1107 2809 frigore
1132 2767 1296 2809 corpus.
