1774 3256
259 422 324 453 395

257 702 324 732 400

258 983 323 1014 405

255 1265 323 1295 410

254 1546 321 1577 415

304 1783 307 1787 ,
348 1759 462 1800 exuit
486 1759 554 1800 hic
577 1774 723 1802 umero
747 1760 985 1815 pharetram
1009 1762 1228 1816 lentosque
1250 1764 1430 1805 retendit

254 1827 322 1857 420

251 2107 318 2138 425

347 263 374 305 2
378 263 403 305 8
788 270 832 305 P.
858 269 1023 306 OVIDII
1046 268 1263 306 NASONIS

349 352 449 394 talia
473 352 681 395 dicentem
706 351 974 393 circumstant
999 350 1140 393 omnia
1164 349 1309 394 Solem

349 409 541 458 numina,
565 423 673 450 neve
696 407 798 449 velit
820 407 1016 449 tenebras
1039 407 1238 450 inducere
1261 407 1402 458 rebus,

349 464 537 520 supplice
561 478 665 506 voce
688 471 853 518 rogant.
911 463 1061 505 missos
1086 478 1255 519 quoque
1280 464 1470 521 Iuppiter
1491 465 1613 522 ignes

349 526 522 563 excusat
545 519 825 575 precibusque
848 519 983 561 minas
1007 520 1205 575 regaliter
1227 520 1357 563 addit.

349 576 508 631 colligit
532 582 718 618 amentes
743 584 785 618 et
808 575 947 618 adhuc
971 583 1127 619 terrore
1150 584 1353 632 paventes

347 632 551 674 Phoebus
575 646 705 686 equos
731 632 984 686 stimuloque
1027 633 1172 675 dolens
1208 641 1250 676 et
1273 634 1448 677 verbere
1473 633 1621 678 saevit.

350 688 482 730 saevit
505 688 617 730 enim
640 696 871 742 natumque
895 688 1078 731 obiectat
1102 696 1144 732 et
1166 690 1346 746 imputat
1368 691 1462 733 illis.
1735 703 1761 746 3*

404 746 467 786 At
490 752 610 800 pater
633 745 897 799 omnipotens
920 745 1108 800 ingentia
1130 747 1297 789 moenia
1319 746 1426 790 caeli
1519 744 1660 782 Calli-⁹¹⁰
1675 750 1711 783 ⁶⁸
1734 730 1763 806 ξ

349 801 514 850 circuit,
540 808 582 843 et
604 816 658 842 ne
682 801 785 855 quid
807 801 1064 844 labefactum
1087 802 1246 845 viribus
1269 803 1381 859 ignis
1551 791 1678 827 ΔΓΜ·
1722 822 1740 826 „

350 866 529 906 corruat,
555 858 758 912 explorat.
806 872 916 912 quae
940 866 1164 913 postquam
1187 859 1308 902 firma
1331 860 1482 915 suique
1735 868 1765 910 ..⁷

347 914 509 956 roboris
534 929 626 956 esse
651 914 784 963 videt,
809 922 941 956 terras
966 915 1265 970 hominumque
1287 916 1453 959 labores

349 970 560 1026 perspicit.
619 970 831 1012 Arcadiae
855 978 995 1013 tamen
1020 979 1082 1013 est
1105 972 1332 1027 impensior
1353 972 1414 1014 illi

349 1041 450 1068 cura
474 1041 588 1068 suae.
648 1027 871 1081 fontesque
895 1035 937 1070 et
960 1028 1146 1069 nondum
1172 1029 1369 1071 audentia
1390 1029 1477 1072 labi

347 1083 521 1125 flumina
544 1083 743 1133 restituit,
768 1084 840 1125 dat
863 1092 998 1126 terrae
1021 1085 1231 1140 gramina,
1254 1085 1426 1128 frondes

348 1139 588 1189 arboribus,
611 1139 832 1194 laesasque
855 1140 973 1182 iubet
995 1141 1248 1185 revirescere
1272 1142 1412 1184 silvas.

349 1196 449 1237 dum
473 1196 581 1238 redit
604 1196 720 1250 itque
744 1197 962 1250 frequens,
987 1198 1031 1238 in
1055 1198 1217 1253 virgine
1240 1198 1482 1242 Nonacrina

348 1252 501 1302 haesit,
528 1260 569 1294 et
594 1253 756 1308 accepti
780 1254 945 1295 caluere
971 1254 1050 1295 sub
1074 1254 1238 1296 ossibus
1261 1254 1395 1311 ignes.

346 1321 433 1350 non
457 1316 546 1350 erat
570 1309 695 1350 huius
720 1324 825 1364 opus
849 1310 990 1351 lanam
1013 1311 1174 1353 mollire
1197 1311 1401 1354 trahendo

347 1379 425 1406 nec
448 1365 588 1420 positu
613 1366 774 1407 variare
800 1381 954 1408 comas.
1013 1367 1088 1408 ubi
1111 1367 1242 1410 fibula
1265 1375 1439 1418 vestem,

347 1421 453 1462 vitta
477 1430 720 1463 coercuerat
742 1423 956 1478 neglectos
981 1423 1078 1465 alba
1101 1424 1287 1479 capillos,

348 1485 389 1519 et
412 1478 538 1519 modo
562 1478 655 1520 leve
679 1494 807 1520 manu
831 1479 1028 1529 iaculum,
1053 1481 1178 1522 modo
1203 1487 1438 1536 sumpserat
1462 1495 1622 1532 areum,

347 1533 465 1575 miles
491 1542 580 1576 erat
602 1534 818 1576 Phoebes:
843 1550 922 1577 nec
945 1536 1174 1578 Maenalon
1199 1537 1338 1593 attigit
1360 1538 1447 1580 ulla

346 1590 505 1645 gratior
527 1590 607 1632 hac
631 1591 813 1633 Triviae.
873 1592 947 1634 sed
970 1593 1086 1634 nulla
1109 1593 1296 1648 potentia
1317 1594 1446 1650 longa.
1469 1601 1545 1637 est.

346 1646 520 1688 ulterius
545 1647 682 1688 medio
707 1648 887 1703 spatium
912 1650 973 1690 sol
998 1650 1106 1690 altus
1130 1649 1326 1702 habebat,

348 1717 443 1743 cum
469 1703 580 1744 subit
603 1704 675 1744 illa
698 1719 866 1753 nemus,
892 1706 1006 1758 quod
1028 1707 1144 1747 nulla
1168 1707 1374 1749 ceciderat
1399 1715 1528 1750 aetas.

1694 382 1696 384 ’
1730 327 1769 461 Ξ

1734 480 1760 529 42³

1739 1128 1771 1242 ,ἕψῃ
1754 1045 1773 1100 .<-2-
1751 919 1766 1022 „au-ram
1752 824 1769 851 -νς

1747 1527 1751 1534 -
1728 1414 1761 1517 stum—1-
1739 1367 1754 1404 τῶ
1745 1283 1769 1352 ῑ,,»’.-ῑ

347 1829 468 1856 arcus
492 1815 620 1869 inque
644 1817 746 1866 solo,
771 1817 886 1869 quod
910 1825 1072 1860 texerat
1094 1818 1243 1868 herba,
1268 1819 1434 1862 iacebat

347 1878 388 1912 et
410 1871 564 1926 pictam
588 1872 725 1926 posita
746 1873 987 1928 pharetram
1012 1875 1172 1916 cervice
1195 1875 1426 1930 premebat.

344 1926 535 1982 Iuppiter
558 1936 605 1968 ut
630 1928 733 1969 vidit
755 1928 911 1971 fessam
937 1938 978 1972 et
1002 1931 1175 1973 custode
1200 1939 1420 1987 vacantem

347 1983 444 2025 ‘hoc
468 1991 579 2025 certe
599 1984 760 2025 furtum
785 1987 969 2028 coniunx
991 2002 1087 2028 mea
1109 1988 1285 2029 nesciet’
1309 1989 1464 2043 inquit:

346 2044 436 2080 ‘aut
459 2039 494 2080 si
517 2041 721 2090 rescierit,
744 2064 803 2071 —-
825 2050 921 2083 sunt
945 2057 969 2083 o
995 2052 1091 2084 sunt
1114 2044 1253 2099 iurgia
1275 2045 1407 2086 tanti.'
1743 2047 1763 2073 *Ὗ

343 2095 533 2149 protinus
557 2096 746 2138 induitur
769 2097 921 2140 faciem
946 2100 1189 2154 cultumque
1213 2099 1382 2143 Dianae

344 2159 471 2205 atque
497 2152 554 2193 ait
579 2157 623 2193 ‘o
649 2153 847 2195 comitum
872 2154 992 2209 virgo
1016 2171 1112 2208 pars
1136 2171 1221 2198 una
1244 2172 1448 2208 mearum,

341 2207 385 2248 in
410 2208 563 2261 quibus
589 2224 632 2250 es
657 2217 810 2251 venata
832 2210 980 2265 iugis?'
996 2212 1047 2254 de
1062 2213 1244 2268 caespite
1268 2214 1389 2269 virgo

343 2278 387 2305 se
410 2264 523 2306 levat
548 2273 588 2306 et
614 2266 766 2315 ‘salve,
791 2282 949 2309 numen
972 2283 1040 2309 me
1063 2269 1227 2318 iudice‚'
1253 2269 1372 2319 dixit,

1738 1776 1746 1780 ι
1736 1735 1741 1749 v·
1742 1562 1745 1563 ,

1744 2020 1763 2044 «Β
1740 1747 1770 2006 ’Ἀέῆγνζνίγ-ηηιε-νιηυπΓ·
1757 1697 1765 1736 ⁴20³
1759 1664 1768 1686 ε.
1760 1618 1764 1623 -
1770 1576 1774 1578 ,
1764 1555 1769 1559 .

1748 2272 1753 2279 A
1735 2210 1763 2259 n„'

304 2346 306 2350 .
343 2320 506 2362 ‘audiat
528 2321 618 2376 ipse
640 2322 758 2372 licet,
782 2323 917 2365 maius
941 2324 1070 2366 Iove.'
1128 2325 1235 2368 ridet
1258 2333 1300 2368 et
1323 2326 1455 2377 audit,

250 2388 316 2419 430

303 2624 306 2629 -
338 2600 411 2642 illa
434 2602 604 2654 quidem
629 2611 791 2654 contra,
816 2613 1020 2658 quantum
1043 2607 1168 2648 modo
1192 2607 1350 2650 femina
1373 2607 1504 2664 possit

245 2669 312 2700 435

341 2384 383 2418 et
406 2376 486 2418 sibi
510 2378 711 2432 praeferri
736 2393 779 2420 se
803 2380 962 2434 gaudet
986 2388 1028 2422 et
1051 2382 1194 2423 oscula
1216 2381 1354 2438 iungit

340 2447 419 2474 nec
442 2434 659 2476 moderata
683 2435 783 2476 satis
807 2451 885 2478 nec
909 2436 969 2478 sic
994 2452 1018 2478 a
1041 2437 1204 2493 virgine
1229 2438 1382 2481 danda.

341 2502 425 2542 qua
449 2498 601 2531 venata
624 2491 734 2533 foret
756 2491 881 2542 silva,
907 2508 1076 2535 narrare
1099 2502 1320 2549 parantem

338 2544 512 2599 impedit
537 2548 751 2602 amplexu:
775 2563 854 2591 nec
878 2564 923 2591 se
948 2549 1036 2592 sine
1061 2550 1233 2593 crimine
1256 2551 1408 2607 prodit.

338 2654 566 2712 (aspiceres
591 2659 773 2710 utinam,
801 2660 1018 2704 Saturnia:
1043 2663 1183 2705 mitior
1206 2665 1372 2720 essesl),

336 2712 409 2754 illa
433 2713 603 2767 quidem
628 2724 803 2771 pugnat.
863 2718 937 2760 sed
961 2733 1070 2772 quae
1094 2734 1292 2775 superare
1315 2721 1469 2776 puella,

338 2768 485 2824 quisve
511 2769 656 2814 Iovem
679 2774 866 2827 poterat?
890 2789 1087 2830 superum
1112 2776 1216 2831 petit
1239 2776 1409 2820 aethera
1432 2777 1568 2820 victor

1725 3088 1768 3256 m''³'
1734 2836 1764 3118 asffltm‘fffi
1727 2738 1768 2794 «3:¹²
1739 2581 1760 2705 ’δυ’-’ὼ
1754 2535 1755 2538 „
