1786 3242
300 459 346 491 55

299 741 346 772 60

300 1021 345 1053 65

264 1303 347 1334 ,70

302 1583 345 1614 75

301 1865 347 1896 80

301 2145 346 2176 85

368 243 452 287 256
817 251 862 287 P.
889 252 1053 289 ovmn
1076 250 1292 289 NAsoNis

369 334 524 389 vixque
548 332 788 389 pererratis,
813 346 922 387 quae
947 339 1137 388 spectant
1159 332 1301 383 litora,
1326 333 1460 383 terris,

370 389 531 432 invenit
554 388 734 431 Aesarei
757 388 904 430 fatalia
926 388 1110 430 fluminis
1133 403 1207 431 ora

371 461 450 488 nec
474 445 621 501 procul
644 444 743 486 hinc
766 445 997 494 tumulum,
1022 444 1100 486 sub
1125 459 1209 499 quo
1233 452 1397 488 sacrata
1421 443 1619 490 Crotonis

370 516 465 543 ossa
489 501 662 557 tegebat
683 500 857 551 humus3
881 500 1078 554 iussaque
1101 500 1162 542 ibi
1184 501 1350 543 moenia
1372 509 1483 544 terra

370 557 556 599 condidit
580 564 622 599 et
645 571 798 599 nomen
822 557 1016 598 tumulati
1040 557 1166 599 traxit
1189 557 1232 598 in
1256 557 1431 600 urbem-⁹

369 613 470 655 talia
492 613 712 655 constabat
736 619 850 655 certa
872 612 1100 668 primordia
1123 613 1239 655 fama

370 684 461 712 esse
484 669 566 711 loci
590 669 834 724 positaeque
858 668 976 710 Italis
1000 668 1045 711 in
1067 669 1221 711 finibus
1245 669 1374 712 urbis.

426 725 505 768 Vir
528 725 609 767 fuit
632 725 718 773 hic,
744 732 839 766 ortu
864 723 1047 767 Samius.
1083 725 1159 767 sed
1182 725 1351 781 fugerat
1372 741 1458 769 una
1503 737 1733 783 &mayor-as.

369 789 411 824 et
436 780 597 824 Samon
621 789 661 823 et
686 781 896 830 dominos,
922 781 1102 836 odioque
1127 781 1359 837 tyrannidis
1384 782 1483 825 exul

370 846 518 893 sponte
543 845 645 880 erat.
703 838 841 892 isque,
865 838 963 880 licet
988 837 1093 880 caeli
1116 837 1287 893 regione
1310 846 1506 890 remotos,

372 902 512 936 mente
538 894 638 936 deos
663 894 765 936 adiit
790 901 849 944 et,
874 908 983 948 quae
1007 901 1159 936 natura
1181 894 1372 950 negabat.

370 950 531 992 visibus
556 950 769 1000 humanis,
794 951 925 992 oculis
950 966 1000 992 ea
1022 950 1203 1005 pectoris
1227 950 1380 992 hausit.

371 1021 552 1061 cumque
576 1006 715 1048 animo
740 1014 782 1048 et
805 1007 922 1062 vigili
945 1013 1216 1062 perspexerat
1239 1006 1380 1049 omnia
1403 1021 1517 1059 cura,

369 1063 413 1105 in
437 1062 623 1105 medium
648 1062 846 1113 discenda
870 1063 1016 1112 dabat,
1041 1070 1268 1118 coetusque
1292 1063 1489 1105 silentum

371 1119 567 1173 dictaque
590 1119 817 1161 mirantum
842 1119 985 1174 magni
1009 1119 1236 1174 primordia
1259 1119 1407 1161 mundi

372 1182 414 1217 et
436 1190 576 1216 rerum
600 1189 748 1217 causas
773 1183 833 1224 et,
858 1175 961 1229 quid
984 1182 1153 1224 natura,
1179 1175 1374 1217 docebat:

371 1231 475 1285 quid
499 1231 620 1281 deus,
645 1231 757 1273 unde
781 1231 917 1280 nives,
943 1245 1052 1285 quae
1075 1231 1262 1273 fulminis
1287 1238 1396 1274 esset
1419 1232 1550 1288 origo,

372 1287 563 1342 Iuppiter
587 1303 641 1329 an
665 1287 778 1329 venti
802 1287 991 1329 discussa
1014 1287 1126 1330 nube
1151 1295 1355 1338 tonarent,

372 1343 474 1397 quid
499 1350 690 1397 quateret
712 1350 863 1393 terras,
889 1358 972 1398 qua
996 1343 1133 1385 sidera
1156 1344 1251 1399 lege
1274 1352 1476 1395 mearent,

372 1407 413 1441 et
437 1399 734 1454 quodcumque
756 1399 871 1441 latet.
930 1399 1173 1455 primusque
1198 1400 1394 1443 animalia
1417 1401 1574 1444 mensis

371 1456 511 1510 arguit
534 1455 693 1510 imponi
700 1471 712 1506 ;
736 1456 896 1511 primus
921 1469 1090 1510 quoque
1114 1455 1267 1498 talibus
1292 1471 1366 1498 ora

372 1512 495 1553 docta
519 1511 691 1566 quidem
715 1511 857 1561 solvit,
883 1511 958 1554 sed
981 1526 1066 1553 non
1090 1518 1132 1554 et
1156 1512 1332 1562 credita,
1357 1512 1515 1556 verbis:

372 1568 568 1623 ‘parcite‚
593 1568 809 1618 mortales,
836 1568 1014 1623 dapibus
1039 1575 1243 1611 temerare
1266 1567 1459 1611 nefandis

372 1624 564 1679 corpora!
602 1631 701 1666 sunt
724 1623 887 1679 fruges,
913 1632 1009 1665 sunt
1035 1624 1286 1666 deducentia
1308 1639 1448 1667 ramos

370 1680 556 1735 pondere
581 1694 707 1735 poma
731 1695 821 1729 suo,
846 1681 1117 1734 tumidaeque
1140 1680 1184 1722 in
1208 1680 1363 1723 vitibus
1388 1696 1515 1731 uvae3

372 1743 470 1778 sunt
493 1736 648 1779 herbae
673 1737 836 1786 dulces,
864 1744 960 1778 sunt
984 1751 1094 1790 quae
1118 1737 1336 1779 mitescere
1359 1737 1530 1779 flamma

370 1792 605 1847 mollirique
630 1799 799 1847 queant.
858 1807 936 1834 nec
961 1793 1080 1834 vobis
1103 1793 1264 1835 lacteus
1287 1807 1410 1835 umor

372 1848 546 1903 eripitur
569 1863 647 1890 nec
670 1849 797 1890 mella
820 1847 955 1903 thymi
978 1849 1208 1891 redolentia
1231 1849 1390 1892 florem.

370 1905 549 1960 prodiga
573 1905 737 1946 divitias
762 1903 1043 1958 alimentaque
1067 1905 1183 1946 mitia
1206 1905 1329 1947 tellus

371 1961 562 2016 suggerit
585 1969 710 2014 atque
735 1961 879 2016 epulas
904 1961 993 2003 sine
1019 1961 1146 2003 caede
1171 1968 1213 2003 et
1237 1961 1440 2017 sanguine
1463 1962 1651 2018 praebet.

371 2032 496 2059 carne
520 2016 634 2059 ferae
659 2017 807 2059 sedant
829 2017 1003 2059 ieiunia:
1028 2032 1106 2059 nec
1130 2025 1271 2060 tamen
1294 2032 1452 2060 omnes.

371 2073 527 2128 quippe
552 2087 686 2127 equus
711 2080 752 2115 et
774 2073 957 2128 pecudes
982 2080 1254 2127 armentaque
1276 2073 1467 2129 gramine
1490 2074 1656 2118 vivunt:

371 2137 413 2170 at
436 2129 589 2183 quibus
613 2129 830 2184 ingenium
855 2136 918 2171 est
940 2129 1334 2184 inmansuetumque
1358 2129 1593 2185 ferumque,

370 2185 600 2228 Armeniae
623 2186 753 2241 tigres
776 2185 1051 2240 iracundique
1074 2186 1217 2228 leones

371 2255 552 2295 cumque
574 2241 685 2297 lupis
709 2241 814 2291 ursi,
839 2241 1019 2297 dapibus
1045 2256 1142 2284 cum
1165 2241 1370 2298 sanguine
1393 2242 1594 2298 gaudent.

370 2298 454 2339 heu
478 2305 684 2352 quantum
708 2298 843 2340 scelus
869 2305 950 2348 est,
974 2298 1018 2339 in
1042 2298 1204 2341 viscera
1226 2298 1388 2341 viscera
1411 2299 1548 2349 condi,

371 2362 656 2409 congestoque
681 2354 852 2395 avidum
874 2354 1150 2410 pinguescere
1175 2369 1348 2410 corpore
1373 2369 1538 2410 corpus,

304 2426 349 2456 90
371 2410 626 2464 alteriusque
651 2410 906 2452 animantem
930 2410 1152 2452 animantis
1177 2411 1319 2453 vivere
1341 2410 1444 2453 letol

302 2705 345 2736 95

370 2466 527 2509 scilicet
549 2466 594 2508 in
617 2467 743 2508 tantis
767 2466 937 2522 opibus,
961 2481 1066 2521 quas
1091 2467 1249 2522 optima
1271 2474 1454 2509 matrum

370 2530 482 2565 terra
505 2530 636 2572 creat,
661 2522 721 2564 nil
744 2529 786 2565 te
809 2523 890 2564 nisi
913 2522 1047 2565 tristia
1069 2523 1267 2565 mandere
1291 2537 1418 2566 saevo

370 2579 544 2620 vulnera
568 2579 691 2621 dente
714 2579 832 2620 iuvat
854 2579 1043 2633 ritusque
1067 2579 1221 2622 referre
1247 2578 1508 2636 Cyclopum?

369 2649 466 2683 nec,
490 2635 571 2676 nisi
594 2635 824 2690 perdideris
849 2635 997 2684 alium,
1023 2635 1190 2690 placare
1215 2635 1377 2677 voracis

371 2697 413 2733 et
436 2691 545 2733 male
570 2691 719 2733 morati
741 2692 896 2747 poteris
921 2691 1076 2733 ieiunia
1100 2691 1282 2734 ventris?

370 2754 413 2789 at
437 2754 557 2790 vetus
581 2747 652 2790 illa
677 2755 809 2799 aetas,
836 2748 904 2791 cui
926 2748 1104 2791 fecimus
1129 2763 1255 2791 aurea
1278 2762 1445 2798 nomen,
