1774 3256
259 252 758 292 METAMORPHOSEON
779 254 878 290 LIB.
903 255 973 291 ΙΙΙ.
1000 255 1194 292 570-657.
1363 246 1421 291 53

291 335 404 380 des
426 336 623 379 veniam?
698 341 808 394 “pro
831 337 954 380 nobis
977 337 1098 380 mitte
1121 337 1326 394 precari?

18 438 21 439 ⁷
179 359 303 444 ait,
325 407 412 450 quo
434 407 522 436 non
545 393 654 436 alius
678 393 961 437 conscendere
984 409 1172 437 summas
1445 409 1515 441 615

98 449 102 452 Δ
140 447 404 497 antemnas
427 464 667 508 prensoque
690 451 869 494 rudente
892 451 1038 494 relabi.

96 497 160 564 [ἦ.
294 507 414 560 ,hoc
436 507 594 558 flavus,
616 521 768 574 prorae
792 507 944 559 tutela,
966 508 1230 559 Melanthus,

111 570 152 621 Jj:
241 571 304 608 t
323 563 581 607 Alcimedon
604 571 665 615 et,
689 564 764 620 qui
785 564 1062 620 requiemque
1085 565 1346 622 modumque

20 627 22 629 ’
76 626 131 680 >13²
168 620 306 668 ssat
324 620 475 672 remis,
498 620 736 666 animorum
760 620 950 664 hortator
972 621 1196 687 Epopeus·

126 680 298 726 m
319 677 404 722 alii.
461 677 646 735 praedae
670 685 757 720 tam
782 693 909 721 caeca
933 678 1088 745 cup1do
1113 687 1190 723 est.
1446 693 1516 726 620

104 739 157 788 ss
171 742 333 781 -tamen
356 734 467 778 hanc
491 749 611 778 sacro
635 734 784 777 violari
807 735 995 802 pondere
1019 735 1179 812 pinum

130 790 154 798 ”
189 792 209 828 ·’
264 791 289 812 '’
313 791 422 836 dixi:
447 795 579 848 “pars
602 791 672 834 hic
694 791 801 834 mihi
824 791 1011 834 maxima
1033 792 1163 835 iuris!

8 877 18 899 η
168 849 318 895 adxtu
341 848 516 892 obsisto.
574 848 677 891 furit
701 848 1007 892 audacissimus
1032 849 1148 891 omni

58 899 65 909 Ι
284 905 545 963 ⁴Lycabas‚
569 905 644 961 qui
667 905 811 949 Tusca
834 906 983 962 pulsus
1007 905 1063 949 ab
1086 906 1193 950 urbe

96 969 102 981 ²
132 976 208 1001 ἰ
205 926 337 1007 dii-⁸
357 977 544 1030 poenam
563 976 642 1019 pro
666 963 797 1006 caede
819 963 979 1006 luebat.
1447 977 1514 1009 625

8 1031 20 1055 ·-
97 1018 143 1052 J
195 1018 355 1072 ‘,dum
376 1027 508 1072 resto,
530 1019 718 1063 iuvenali
740 1027 915 1077 guttura
937 1034 1084 1088 pugno

8 1096 41 1122 ..ff
167 1109 183 1131 ,
204 1083 248 1123 et
270 1091 498 1122 excussum
520 1077 705 1121 misisset
727 1077 772 1120 in
796 1091 1003 1133 aequora,
1029 1078 1065 1120 si
1088 1091 1176 1121 non

88 1135 89 1138 ’
260 1156 298 1187 ,
321 1134 516 1191 quamvis
541 1149 706 1185 amens,
729 1134 774 1177 in
798 1134 901 1178 fune
924 1142 1127 1178 retentus.

164 1191 328 1236 turba
325 1191 504 1259 probat
526 1191 701 1235 factum.
760 1198 852 1234 tum
876 1192 1060 1248 denique
1084 1191 1283 1235 Bacchus
1305 1216 1365 1224 —

11 1291 22 1307 „
76 1301 81 1304 ,
108 1300 113 1301 ⁷
166 1263 246 1294 us
269 1248 383 1293 enim
405 1248 546 1292 finerat
567 1273 626 1280 ——
648 1249 781 1292 veluti
805 1249 989 1292 clamore
1013 1250 1176 1292 solutus
1448 1263 1516 1295 630

22 1343 24 1347 .
85 1304 103 1358 j'
125 1320 195 1354 ιο
213 1321 266 1358 ·r,
288 1320 399 1363 aque
421 1320 541 1350 mero
563 1305 776 1349 redeant'
763 1322 808 1349 ιιι
832 1314 1006 1363 pectora
1030 1321 1194 1358 sensus,

171 1363 376 1408 ·facitis?
397 1363 494 1419 quis
517 1363 732 1406 clamor?”
756 1363 835 1415 ait,
861 1367 888 1387 “
877 1368 983 1419 ‘qua
1006 1362 1152 1418 (d101te
1161 1395 1173 1415 ,
1197 1363 1395 1420 nautael)

110 1435 237 1479 ope
258 1420 461 1497 perveni?
484 1435 570 1476 quo
593 1436 662 1464 me
687 1420 852 1464 deferre
874 1420 1090 1488 paratis?''

138 1492 194 1522 e
215 1477 419 1528 metumss'
443 1477 669 1522 Proreus‘
671 1481 734 1521 ‘et
758 1492 866 1534 quos
891 1478 1137 1554 contingere
1159 1484 1322 1535 portus,

133 1534 317 1588 ,velisss'
342 1509 468 1578 dixit.
492 1539 640 1578 “terra
662 1534 809 1578 sistere
832 1535 1006 1592 petita.”
1449 1549 1516 1582 635

97 1592 256 1637 ›⁸⁸¹0n’
259 1591 356 1635 ’ait
378 1591 514 1635 Liber
537 1595 722 1635 “cursus
746 1592 952 1635 advertite
976 1599 1153 1635 vestros.

141 1649 248 1693 mihi
271 1649 424 1702 domus
448 1656 531 1692 est.
555 1648 677 1692 vobis
702 1649 782 1692 erit
804 1649 973 1706 hospita
996 1648 1164 1692 tellus.''

123 1721 264 1750 mare
287 1705 460 1750 fallaces
514 1719 645 1761 erque
670 1706 813 1748 omnia
835 1707 1012 1749 numina
1034 1707 1178 1749 iurant

10 1786 20 1818 f,
87 1763 243 1846 fore,
265 1777 421 1819 meque
443 1763 489 1806 iu
520 1770 592 1806 ent
614 1763 754 1819 pictae
778 1763 880 1806 dare
904 1763 1000 1807 vela
1024 1763 1206 1806 carinae.

10 1819 25 1875 ξ
75 1844 111 1877 ’,ιο
246 1819 398 1864 Naxus
419 1827 524 1864 erat.
583 1819 732 1863 dextra
755 1819 860 1862 mihi
883 1819 1013 1863 lintea
1037 1820 1156 1863 danti
1449 1835 1516 1868 640

10 1876 25 1909 Ἀ
74 1852 187 1922 v·=···'d
207 1877 335 1928 facis,
358 1891 385 1920 o
408 1876 610 1920 demens?
633 1877 727 1932 quis
752 1885 794 1921 te
818 1877 968 1920 surm-’⁹
993 1877 1133 1932 inquit
1157 1875 1367 1934 Opheltes

20 1983 22 1987 ,
70 1957 103 1986 a
192 1933 376 1978 unitur?
397 1933 585 1978 retine1”
611 1935 811 1978 “laevam
834 1934 964 1991 pete’'
989 1934 1177 1976 maxima
1200 1943 1309 1977 nutu

136 1956 275 2036 mihi
298 1991 528 2067 significat,
552 2006 673 2072 pars,
698 1991 802 2048 quid
825 1991 947 2043 velit,
972 2006 1044 2035 ore
1069 1999 1273 2035 susurrat.

92 2056 95 2061 '
158 2070 181 2088 ιι
223 2048 235 2060 ”
243 2047 488 2117 ,“capiat''
490 2063 575 2104 que
599 2048 740 2092 “alius
764 2048 1086 2091 moderamina”
1112 2049 1202 2091 dixi

158 2120 201 2151 e
221 2105 459 2150 munisterio
483 2105 738 2161 scelerisque
762 2106 948 2161 artisque
970 2105 1147 2149 removi.
1448 2120 1514 2152 645

149 2195 157 2200 λ
200 2184 209 2202 ·
263 2177 291 2207 a
312 2162 494 2215 cunctis,
517 2169 740 2219 totumque
776 2162 1061 2206 inmurmurat
1085 2178 1254 2220 agmen.

68 2234 190 2283 gm-
199 2235 251 2264 us
272 2219 506 2264 Aethalion
529 2224 604 2264 “te
628 2220 789 2263 scilicet
812 2220 948 2263 omnis
972 2221 1016 2263 in
1040 2235 1126 2262 uno

102 2295 106 2299 ’
137 2300 146 2313 a
176 2301 178 2303 ·
213 2277 328 2322 salus
381 2277 490 2321 osita
513 2276 628 2321 estl”
654 2277 714 2320 ait
736 2285 778 2320 et
802 2277 951 2320 subit
939 2292 1030 2333 lpse
1054 2291 1284 2333 meumque

115 2341 189 2379 et
210 2349 338 2403 opus,
405 2348 572 2391 axoque
595 2334 701 2392 petit
724 2334 893 2377 diversa
915 2334 1076 2377 relicta.

122 2391 267 2436 deus
288 2391 493 2443 illudens,
517 2399 723 2448 tanquam
745 2391 873 2434 modo
898 2391 1081 2447 denique
1104 2390 1300 2434 fraudem
1447 2405 1514 2438 650

167 2449 242 2501 ·'t,
266 2464 291 2493 e
313 2448 449 2517 puppi
470 2456 649 2506 pontum
672 2455 915 2515 prospectat
939 2448 1107 2494 adunca

96 2504 230 2551 flenti
253 2505 400 2549 similis
424 2510 544 2549 “non
567 2505 674 2549 haec
698 2505 803 2548 mihi
826 2505 968 2555 litora,
991 2513 1162 2557 nautae,

203 2562 328 2606 f2tis”
355 2562 434 2614 ait,
459 2566 580 2606 “non
603 2562 711 2606 haec
733 2562 837 2604 mihi
860 2569 974 2605 terra
996 2569 1147 2619 rogata
1171 2570 1248 2606 est.

12 2664 19 2681 ι
90 2640 122 2656 ν·
153 2619 291 2664 merui
311 2633 497 2687 poenam
520 2619 661 2663 facto?
684 2633 794 2674 quae
818 2619 955 2676 gloria
977 2627 1120 2663 vestra
1143 2627 1221 2671 est,

23 2704 25 2707 ·
82 2689 287 2771 puerum
309 2691 506 2727 Iuvenes,
531 2676 566 2719 si
590 2675 712 2719 multi
736 2675 882 2719 fallitis
905 2676 1097 2718 unum?”
1446 2690 1511 2722 655

158 2733 296 2778 ndum
317 2733 487 2778 flebam.
545 2733 742 2777 lacrimas
765 2748 917 2776 manus
940 2733 1072 2791 impia
1093 2740 1260 2776 nostras

97 2797 156 2835 t
180 2798 223 2836 et
243 2791 422 2849 impellit
445 2790 775 2849 properantibus
799 2805 986 2847 aequora
1008 2790 1149 2834 remis.

8 1572 99 1654 ἐ
