1786 3242
250 609 316 641 560

250 890 315 922 565

251 1171 318 1202 570

251 1451 316 1483 575

251 1733 319 1765 580

251 2014 318 2046 585

340 282 424 324 248
785 288 829 324 Ρ
856 289 1020 326 OVIDII
1044 288 1260 326 NASONIS

339 372 431 414 illas
456 370 655 426 virgineis
681 377 877 412 exercent
899 369 1061 412 lusibus
1084 370 1220 412 undas

338 427 498 470 Naides
522 440 773 481 aequoreae,
798 425 1033 481 durisque
1020 441 1065 468 1n
1086 425 1299 468 montibus
1325 434 1439 470 ortae

339 483 465 525 molle
488 482 643 525 fretum
668 482 899 532 celebrant,
923 496 1003 525 nec
1026 497 1097 525 eas
1122 497 1199 527 sua
1221 482 1357 538 tangit
1379 482 1514 539 origo.

339 554 425 582 non
448 546 589 580 tamen
614 538 787 589 oblitae,
812 551 941 592 quam
963 538 1098 580 multa
1119 538 1306 594 pericula
1330 553 1456 581 saevo

339 594 587 652 pertulerint
610 595 774 650 pelago,
798 594 962 636 iactatis
988 609 1113 650 saepe
1137 595 1288 637 carinis

340 667 422 708 sup
451 665 599 694 osuere
622 665 792 701 manus,
816 650 897 692 nisi
922 650 956 692 si
981 665 1065 706 qua
1089 650 1269 693 vehebat
1292 649 1494 693 Achivos.

341 709 405 750 cla
436 708 471 749 is
497 707 634 750 adhuc
657 707 873 762 Phrygiae
896 721 1103 749 memores
1127 707 1252 750 odere
1276 706 1501 763 Pelasgos;

339 763 610 818 Neritiaeque
634 763 734 805 ratis
758 763 955 805 viderunt
965 763 1187 828 fragmina
1209 763 1330 806 laetis

339 820 545 870 vultibus,
570 827 611 862 et
633 819 752 862 laetis
777 819 919 862 videre
942 819 1150 875 rigescere
1174 834 1360 885 puppem

341 876 527 919 vultibus
550 876 721 918 Alcinoi
745 890 978 930 saxumque
1000 876 1232 919 increscere
1255 875 1386 932 ligno.

398 932 506 988 Spes
531 940 637 982 erat,
661 933 705 973 in
729 931 936 987 nymphas
960 932 1145 974 animata
1168 932 1300 974 classe
1323 931 1506 975 marinas
1546 943 1707 988 (Ardea.)

339 1003 462 1045 posse
485 995 601 1031 metu
625 988 800 1030 monstri
823 988 1030 1030 Rutulum
1055 988 1253 1031 desistere
1278 988 1401 1031 bello.

339 1052 510 1111 perstat.
546 1044 755 1099 habetque
775 1044 875 1087 deos
893 1059 991 1100 pars
1009 1052 1206 1099 utraque3
1230 1045 1429 1099 quodque
1447 1045 1622 1090 deorum
1639 1054 1705 1090 est

339 1102 483 1151 instar,
507 1100 664 1143 habent
687 1101 860 1142 animos.
918 1115 997 1143 nec
1019 1101 1103 1142 iam
1129 1101 1284 1143 dotalia
1306 1115 1438 1157 regna

341 1172 420 1200 nec
444 1164 657 1223 sceptrum
683 1156 815 1199 soceri
837 1171 916 1199 nec
940 1164 1001 1207 te,
1025 1157 1207 1199 Lavinia
1230 1157 1364 1213 virgo,

342 1214 417 1256 sed
440 1213 590 1255 vicisse
614 1220 780 1269 petunt,
807 1213 1128 1268 deponendique
1151 1213 1315 1269 pudore

341 1270 452 1312 bella
475 1277 640 1325 gerunt.
699 1269 955 1323 tandemque
977 1270 1126 1312 Venus
1150 1270 1338 1312 victricia
1359 1270 1448 1312 nati

342 1341 459 1368 arma
482 1325 615 1375 videt,
640 1325 895 1379 Turnusque
919 1325 1049 1376 cadit3
1075 1325 1187 1368 cadit
1209 1326 1374 1377 Ardea,
1398 1326 1546 1369 Turno

342 1382 497 1447 sospite
522 1382 632 1424 dicta
655 1388 816 1436 potens.
876 1395 1003 1435 quam
1026 1389 1250 1437 postquam
1272 1381 1536 1426 Dardanus
1523 1383 1637 1440 ignis

343 1438 534 1487 abstulit,
560 1446 601 1480 et
624 1437 767 1492 tepida
789 1438 1003 1480 latuerunt
1026 1444 1137 1481 tecta
1160 1438 1317 1488 favilla,

343 1494 539 1550 congerie
563 1508 586 1536 e
609 1493 749 1536 media
771 1500 861 1535 tum
884 1489 1068 1549 primum
1092 1494 1261 1550 cognita
1283 1509 1460 1551 praepes

342 1531 537 1593 subvolat
561 1557 602 1592 et
626 1550 785 1593 cineres
808 1550 966 1605 plausis
992 1550 1211 1593 everberat
1234 1550 1324 1592 alis.

343 1615 384 1649 et
408 1621 536 1649 sonus
561 1614 602 1648 et
625 1606 781 1648 macies
806 1613 846 1649 et
870 1606 1004 1662 pallor
1029 1615 1070 1648 et
1094 1607 1253 1657 omnia,
1277 1613 1443 1674 captam

343 1678 452 1717 quae
476 1663 651 1705 deceant
675 1663 843 1728 urbem,
867 1677 1021 1705 nomen
1044 1676 1213 1717 quoque
1237 1663 1391 1706 mansit
1413 1663 1457 1706 in
1478 1663 1552 1707 illa

342 1719 477 1761 urbis:
503 1726 545 1762 et
567 1719 658 1774 ipsa
682 1719 769 1760 suis
794 1719 1062 1774 deplangitur
1085 1719 1232 1762 Ardea
1253 1720 1415 1775 pennis.

397 1775 574 1830 Iamque
599 1775 699 1817 deos
724 1789 868 1817 omnes
891 1775 1111 1830 ipsamque
1133 1775 1300 1818 Aenei'a
1322 1776 1454 1819 virtus
1492 1776 1628 1811 Aenea-⁹
1642 1778 1706 1813 In-

341 1832 550 1873 Iunonem
573 1838 734 1873 veteres
759 1831 879 1873 finire
903 1839 1100 1887 coegerat
1122 1831 1225 1873 iras:
1543 1822 1647 1866 ‘²⁸9⁶'-

343 1902 459 1937 cum,
484 1887 590 1929 bene
613 1887 799 1929 fundatis
824 1865 1006 1942 opibuso
999 1888 1222 1930 crescentis
1245 1888 1342 1938 Iuli,

343 1943 616 1998 tempestivus
640 1950 730 1985 erat
753 1943 867 1985 caelo
893 1941 1146 1998 Cythereius
1170 1943 1306 1986 heros.

343 2000 629 2053 ambieratque
653 1999 801 2042 Venus
826 2013 1013 2054 superos,
1037 2000 1229 2053 colloque
1252 2001 1436 2055 parentis

343 2055 598 2098 circumfusa
621 2055 686 2097 sui
711 2060 960 2109 ‘numquam
984 2055 1104 2097 mihi’
1129 2056 1292 2098 dixerat
1316 2056 1420 2098 ‘ullo

342 2119 530 2167 tempore
555 2111 658 2154 dure
681 2119 814 2167 pater,
837 2126 950 2154 nunc
974 2112 1031 2154 sis
1054 2111 1315 2162 mitissimus,
1340 2119 1453 2168 opto,

342 2169 601 2222 Aeneaeque
624 2181 732 2218 meo,
757 2167 830 2222 qui
853 2175 894 2209 te
919 2168 971 2210 de
996 2168 1200 2224 sanguine
1223 2175 1366 2210 nostro

314 2261 318 2264 ,
342 2224 443 2266 fecit
466 2239 611 2273 avum,
636 2223 827 2278 quamvis
851 2238 1030 2279 parvum
1054 2225 1147 2275 des,
1171 2225 1348 2290 optime,
1372 2239 1543 2276 numen,

251 2294 319 2326 590

251 2573 317 2606 595

343 2280 444 2322 dum
469 2280 595 2321 modo
620 2280 693 2322 des
718 2280 900 2334 aliquod.
960 2281 1059 2322 satis
1084 2288 1147 2323 est
1169 2280 1394 2324 inamabile
1417 2295 1596 2356 regnum

343 2336 556 2392 aspexisse
581 2337 728 2386 semel,
755 2335 927 2402 Stygios
952 2337 1116 2379 semel'
1105 2351 1187 2379 isse
1210 2352 1287 2393 per
1310 2351 1467 2380 amnes.

342 2407 557 2435 assensere
581 2392 661 2434 dei.
719 2406 798 2434 nec
823 2392 1006 2434 coniunx
1029 2393 1146 2449 regia
1168 2394 1310 2435 vultus

340 2448 537 2490 immotos
561 2448 713 2498 tenuit,
737 2449 987 2514 placatoque
1011 2428 1157 2492 adnuit
1181 2463 1265 2492 ore.

342 2511 434 2546 tum
457 2511 576 2560 pater
601 2505 738 2547 ‘estis'
763 2504 819 2546 ait
844 2505 1035 2548 ‘caelesti
1057 2520 1231 2548 munere
1261 2505 1392 2562 digni,

342 2574 535 2615 quaeque
558 2561 680 2616 petis,
704 2575 780 2616 pro
798 2574 966 2615 quoque
990 2561 1110 2616 petis.
1146 2576 1261 2616 cape,
1285 2569 1398 2612 nata,
1421 2561 1535 2616 quod
1553 2562 1707 2618 optas!

342 2617 455 2658 fatus
480 2625 580 2659 erat.
638 2617 796 2672 gaudet
819 2625 1043 2672 gratesque
1066 2617 1154 2673 agit
1176 2617 1248 2659 illa
1270 2617 1446 2673 parenti,

341 2687 501 2728 perque
524 2673 638 2715 leves
663 2688 786 2715 auras
809 2673 962 2715 iunctis
985 2652 1152 2716 invecta
1175 2673 1379 2715 columbis

341 2729 441 2771 litus
465 2729 552 2770 adit
575 2729 788 2778 Laurens,
813 2729 888 2771 ubi
912 2736 1048 2771 tectus
1071 2729 1305 2771 harundine
1329 2729 1458 2786 serpit

341 2785 386 2826 in
409 2784 517 2827 freta
539 2785 747 2827 flumineis
772 2785 909 2828 vicina
931 2785 1154 2828 Numicius
1177 2786 1315 2828 undis.
