<?xml version="1.0" encoding="UTF-8"?>
<!DOCTYPE html PUBLIC "-//W3C//DTD XHTML 1.0 Transitional//EN"
    "http://www.w3.org/TR/xhtml1/DTD/xhtml1-transitional.dtd">
<html xmlns="http://www.w3.org/1999/xhtml" xml:lang="en" lang="en">
 <head>
  <title>
</title>
<meta http-equiv="Content-Type" content="text/html;charset=utf-8" />
  <meta name='ocr-system' content='tesseract 3.04.00' />
  <meta name='ocr-capabilities' content='ocr_page ocr_carea ocr_par ocr_line ocrx_word'/>
</head>
<body>
  <div class='ocr_page' id='page_1' title='image "./carminao02oviduoft_0210.png"; bbox 0 0 1786 3242; ppageno 0'>
   <div class='ocr_carea' id='block_1_1' title="bbox 358 269 1277 312">
    <p class='ocr_par' dir='ltr' id='par_1_1' title="bbox 358 269 1277 312">
     <span class='ocr_line' id='line_1_1' title="bbox 358 269 1277 312; baseline -0.001 0"><span class='ocrx_word' id='word_1_1' title='bbox 358 269 443 312; x_wconf 81' lang='grc'>174</span> <span class='ocrx_word' id='word_1_2' title='bbox 802 275 846 310; x_wconf 93' lang='lat' dir='ltr'>P.</span> <span class='ocrx_word' id='word_1_3' title='bbox 873 274 1039 312; x_wconf 89' lang='lat' dir='ltr'>OVIDII</span> <span class='ocrx_word' id='word_1_4' title='bbox 1060 273 1277 312; x_wconf 86' lang='lat' dir='ltr'>NASONIS</span> 
     </span>
    </p>
   </div>
   <div class='ocr_carea' id='block_1_2' title="bbox 234 354 1637 2831">
    <p class='ocr_par' dir='ltr' id='par_1_2' title="bbox 357 354 1343 410">
     <span class='ocr_line' id='line_1_2' title="bbox 357 354 1343 410; baseline -0.003 -10"><span class='ocrx_word' id='word_1_5' title='bbox 357 357 576 401; x_wconf 86' lang='lat' dir='ltr'>vicimus.”</span> <span class='ocrx_word' id='word_1_6' title='bbox 634 355 782 398; x_wconf 83' lang='lat' dir='ltr'>infelix</span> <span class='ocrx_word' id='word_1_7' title='bbox 805 369 889 397; x_wconf 92' lang='lat' dir='ltr'>non</span> <span class='ocrx_word' id='word_1_8' title='bbox 913 362 1000 396; x_wconf 88' lang='lat' dir='ltr'>toto</span> <span class='ocrx_word' id='word_1_9' title='bbox 1023 362 1193 410; x_wconf 82' lang='lat' dir='ltr'>pectore</span> <span class='ocrx_word' id='word_1_10' title='bbox 1218 354 1343 398; x_wconf 84' lang='lat' dir='ltr'><strong>sentit</strong></span> 
     </span>
    </p>

    <p class='ocr_par' dir='ltr' id='par_1_3' title="bbox 357 412 1448 468">
     <span class='ocr_line' id='line_1_3' title="bbox 357 412 1448 468; baseline -0.002 -12"><span class='ocrx_word' id='word_1_11' title='bbox 357 414 558 457; x_wconf 83' lang='lat' dir='ltr'>laetitiam</span> <span class='ocrx_word' id='word_1_12' title='bbox 583 412 718 468; x_wconf 87' lang='lat' dir='ltr'>virgo,</span> <span class='ocrx_word' id='word_1_13' title='bbox 743 425 1032 467; x_wconf 82' lang='lat' dir='ltr'>praesagaque</span> <span class='ocrx_word' id='word_1_14' title='bbox 1056 419 1226 467; x_wconf 84' lang='lat' dir='ltr'>pectora</span> <span class='ocrx_word' id='word_1_15' title='bbox 1248 418 1448 455; x_wconf 88' lang='lat' dir='ltr'>maerent.</span> 
     </span>
    </p>

    <p class='ocr_par' dir='ltr' id='par_1_4' title="bbox 234 467 1528 748">
     <span class='ocr_line' id='line_1_4' title="bbox 234 467 1509 523; baseline -0.003 -8"><span class='ocrx_word' id='word_1_16' title='bbox 234 480 237 482; x_wconf 84' lang='grc'><em>“</em></span> <span class='ocrx_word' id='word_1_17' title='bbox 266 484 333 516; x_wconf 75' lang='lat'>445</span> <span class='ocrx_word' id='word_1_18' title='bbox 359 470 433 513; x_wconf 86' lang='lat' dir='ltr'>sed</span> <span class='ocrx_word' id='word_1_19' title='bbox 456 476 596 511; x_wconf 89' lang='lat' dir='ltr'>tamen</span> <span class='ocrx_word' id='word_1_20' title='bbox 620 475 662 511; x_wconf 91' lang='lat' dir='ltr'>et</span> <span class='ocrx_word' id='word_1_21' title='bbox 684 467 862 523; x_wconf 84' lang='lat' dir='ltr'>gaudet:</span> <span class='ocrx_word' id='word_1_22' title='bbox 887 474 1003 509; x_wconf 84' lang='lat' dir='ltr'>tanta</span> <span class='ocrx_word' id='word_1_23' title='bbox 1027 474 1091 509; x_wconf 89' lang='lat' dir='ltr'>est</span> <span class='ocrx_word' id='word_1_24' title='bbox 1114 467 1322 510; x_wconf 80' lang='lat' dir='ltr'>discordia</span> <span class='ocrx_word' id='word_1_25' title='bbox 1343 467 1509 511; x_wconf 87' lang='lat' dir='ltr'>mentis.</span> 
     </span>
     <span class='ocr_line' id='line_1_5' title="bbox 357 523 1528 581; baseline -0.001 -13"><span class='ocrx_word' id='word_1_26' title='bbox 357 534 523 581; x_wconf 90' lang='lat' dir='ltr'>tempus</span> <span class='ocrx_word' id='word_1_27' title='bbox 548 531 655 573; x_wconf 89' lang='lat' dir='ltr'>erat,</span> <span class='ocrx_word' id='word_1_28' title='bbox 680 538 765 578; x_wconf 90' lang='lat' dir='ltr'>quo</span> <span class='ocrx_word' id='word_1_29' title='bbox 790 530 943 566; x_wconf 87' lang='lat' dir='ltr'>cuncta</span> <span class='ocrx_word' id='word_1_30' title='bbox 967 523 1108 573; x_wconf 89' lang='lat' dir='ltr'>silent,</span> <span class='ocrx_word' id='word_1_31' title='bbox 1132 523 1324 578; x_wconf 89' lang='lat' dir='ltr'>interque</span> <span class='ocrx_word' id='word_1_32' title='bbox 1347 523 1528 568; x_wconf 86' lang='lat' dir='ltr'>Triones</span> 
     </span>
     <span class='ocr_line' id='line_1_6' title="bbox 356 580 1378 636; baseline -0.002 -12"><span class='ocrx_word' id='word_1_33' title='bbox 356 582 531 624; x_wconf 88' lang='lat' dir='ltr'>flexerat</span> <span class='ocrx_word' id='word_1_34' title='bbox 554 580 726 635; x_wconf 89' lang='lat' dir='ltr'>obliquo</span> <span class='ocrx_word' id='word_1_35' title='bbox 750 580 986 636; x_wconf 80' lang='lat' dir='ltr'>plaustrum</span> <span class='ocrx_word' id='word_1_36' title='bbox 1009 587 1175 622; x_wconf 91' lang='lat' dir='ltr'>temone</span> <span class='ocrx_word' id='word_1_37' title='bbox 1199 580 1378 623; x_wconf 82' lang='lat' dir='ltr'>Bootes:</span> 
     </span>
     <span class='ocr_line' id='line_1_7' title="bbox 358 635 1455 691; baseline -0.001 -12"><span class='ocrx_word' id='word_1_38' title='bbox 358 637 412 679; x_wconf 90' lang='lat' dir='ltr'>ad</span> <span class='ocrx_word' id='word_1_39' title='bbox 436 637 602 679; x_wconf 88' lang='lat' dir='ltr'>facinus</span> <span class='ocrx_word' id='word_1_40' title='bbox 626 636 741 679; x_wconf 90' lang='lat' dir='ltr'>venit</span> <span class='ocrx_word' id='word_1_41' title='bbox 762 636 834 678; x_wconf 90' lang='lat' dir='ltr'>illa</span> <span class='ocrx_word' id='word_1_42' title='bbox 858 650 994 677; x_wconf 90' lang='lat' dir='ltr'>suum.</span> <span class='ocrx_word' id='word_1_43' title='bbox 1053 635 1164 691; x_wconf 87' lang='lat' dir='ltr'>fugit</span> <span class='ocrx_word' id='word_1_44' title='bbox 1187 651 1315 678; x_wconf 88' lang='lat' dir='ltr'>aurea</span> <span class='ocrx_word' id='word_1_45' title='bbox 1338 636 1455 680; x_wconf 85' lang='lat' dir='ltr'>caelo</span> 
     </span>
     <span class='ocr_line' id='line_1_8' title="bbox 357 691 1379 748; baseline -0.002 -12"><span class='ocrx_word' id='word_1_46' title='bbox 357 694 472 744; x_wconf 90' lang='lat' dir='ltr'>luna,</span> <span class='ocrx_word' id='word_1_47' title='bbox 497 700 646 748; x_wconf 87' lang='lat' dir='ltr'>tegunt</span> <span class='ocrx_word' id='word_1_48' title='bbox 668 692 814 748; x_wconf 85' lang='lat' dir='ltr'>nigrae</span> <span class='ocrx_word' id='word_1_49' title='bbox 838 691 1046 734; x_wconf 88' lang='lat' dir='ltr'>latitantia</span> <span class='ocrx_word' id='word_1_50' title='bbox 1070 692 1208 734; x_wconf 89' lang='lat' dir='ltr'>sidera</span> <span class='ocrx_word' id='word_1_51' title='bbox 1230 692 1379 743; x_wconf 86' lang='lat' dir='ltr'>nubes,</span> 
     </span>
    </p>

    <p class='ocr_par' dir='ltr' id='par_1_5' title="bbox 265 748 1637 1030">
     <span class='ocr_line' id='line_1_9' title="bbox 265 748 1537 804; baseline -0.002 -10"><span class='ocrx_word' id='word_1_52' title='bbox 265 763 335 794; x_wconf 86' lang='lat'>450</span> <span class='ocrx_word' id='word_1_53' title='bbox 358 764 444 792; x_wconf 88' lang='lat' dir='ltr'>nox</span> <span class='ocrx_word' id='word_1_54' title='bbox 468 756 580 792; x_wconf 89' lang='lat' dir='ltr'>caret</span> <span class='ocrx_word' id='word_1_55' title='bbox 605 749 704 804; x_wconf 88' lang='lat' dir='ltr'>igne</span> <span class='ocrx_word' id='word_1_56' title='bbox 728 762 818 790; x_wconf 87' lang='lat' dir='ltr'>suo.</span> <span class='ocrx_word' id='word_1_57' title='bbox 877 748 1037 803; x_wconf 89' lang='lat' dir='ltr'>primus</span> <span class='ocrx_word' id='word_1_58' title='bbox 1061 748 1189 804; x_wconf 85' lang='lat' dir='ltr'>tegis,</span> <span class='ocrx_word' id='word_1_59' title='bbox 1216 748 1358 799; x_wconf 89' lang='lat' dir='ltr'>Icare,</span> <span class='ocrx_word' id='word_1_60' title='bbox 1381 748 1537 800; x_wconf 80' lang='lat' dir='ltr'>vultus,</span> 
     </span>
     <span class='ocr_line' id='line_1_10' title="bbox 358 804 1298 862; baseline -0.002 -14"><span class='ocrx_word' id='word_1_61' title='bbox 358 805 629 862; x_wconf 86' lang='lat' dir='ltr'>Erigoneque</span> <span class='ocrx_word' id='word_1_62' title='bbox 653 804 723 860; x_wconf 92' lang='lat' dir='ltr'>pio</span> <span class='ocrx_word' id='word_1_63' title='bbox 747 811 911 846; x_wconf 87' lang='lat' dir='ltr'>sacrata</span> <span class='ocrx_word' id='word_1_64' title='bbox 933 804 1118 860; x_wconf 87' lang='lat' dir='ltr'>parentis</span> <span class='ocrx_word' id='word_1_65' title='bbox 1143 818 1298 847; x_wconf 88' lang='lat' dir='ltr'>amore.</span> 
     </span>
     <span class='ocr_line' id='line_1_11' title="bbox 358 860 1445 918; baseline -0.001 -14"><span class='ocrx_word' id='word_1_66' title='bbox 358 869 423 905; x_wconf 90' lang='lat' dir='ltr'>ter</span> <span class='ocrx_word' id='word_1_67' title='bbox 446 861 566 918; x_wconf 88' lang='lat' dir='ltr'>pedis</span> <span class='ocrx_word' id='word_1_68' title='bbox 590 860 740 903; x_wconf 86' lang='lat' dir='ltr'>offensi</span> <span class='ocrx_word' id='word_1_69' title='bbox 764 861 885 916; x_wconf 84' lang='lat' dir='ltr'>signo</span> <span class='ocrx_word' id='word_1_70' title='bbox 910 867 972 903; x_wconf 88' lang='lat' dir='ltr'>est</span> <span class='ocrx_word' id='word_1_71' title='bbox 995 867 1210 911; x_wconf 90' lang='lat' dir='ltr'>revocata,</span> <span class='ocrx_word' id='word_1_72' title='bbox 1235 867 1299 904; x_wconf 90' lang='lat' dir='ltr'>ter</span> <span class='ocrx_word' id='word_1_73' title='bbox 1321 874 1445 903; x_wconf 89' lang='lat' dir='ltr'>omen</span> 
     </span>
     <span class='ocr_line' id='line_1_12' title="bbox 358 916 1177 961; baseline -0.001 -1"><span class='ocrx_word' id='word_1_74' title='bbox 358 918 558 961; x_wconf 84' lang='lat' dir='ltr'>funereus</span> <span class='ocrx_word' id='word_1_75' title='bbox 581 917 696 959; x_wconf 94' lang='lat' dir='ltr'>bubo</span> <span class='ocrx_word' id='word_1_76' title='bbox 718 917 833 960; x_wconf 86' lang='lat' dir='ltr'>letali</span> <span class='ocrx_word' id='word_1_77' title='bbox 857 916 1041 959; x_wconf 83' lang='lat' dir='ltr'>carmine</span> <span class='ocrx_word' id='word_1_78' title='bbox 1064 916 1177 959; x_wconf 91' lang='lat' dir='ltr'>fecit.</span> 
     </span>
     <span class='ocr_line' id='line_1_13' title="bbox 358 972 1637 1030; baseline 0.002 -14"><span class='ocrx_word' id='word_1_79' title='bbox 358 974 392 1016; x_wconf 90' lang='lat' dir='ltr'>it</span> <span class='ocrx_word' id='word_1_80' title='bbox 415 981 576 1016; x_wconf 88' lang='lat' dir='ltr'>tamen:</span> <span class='ocrx_word' id='word_1_81' title='bbox 601 981 643 1016; x_wconf 90' lang='lat' dir='ltr'>et</span> <span class='ocrx_word' id='word_1_82' title='bbox 667 973 863 1016; x_wconf 88' lang='lat' dir='ltr'>tenebrae</span> <span class='ocrx_word' id='word_1_83' title='bbox 887 973 1082 1016; x_wconf 90' lang='lat' dir='ltr'>minuunt</span> <span class='ocrx_word' id='word_1_84' title='bbox 1105 987 1273 1028; x_wconf 81' lang='lat' dir='ltr'>noxque</span> <span class='ocrx_word' id='word_1_85' title='bbox 1297 979 1388 1016; x_wconf 87' lang='lat' dir='ltr'>atra</span> <span class='ocrx_word' id='word_1_86' title='bbox 1410 972 1637 1030; x_wconf 80' lang='lat' dir='ltr'>pudorem:</span> 
     </span>
    </p>

    <p class='ocr_par' dir='ltr' id='par_1_6' title="bbox 266 1029 1542 1310">
     <span class='ocr_line' id='line_1_14' title="bbox 266 1029 1410 1084; baseline -0.002 -11"><span class='ocrx_word' id='word_1_87' title='bbox 266 1042 335 1074; x_wconf 81' lang='lat'>455</span> <span class='ocrx_word' id='word_1_88' title='bbox 360 1030 618 1084; x_wconf 83' lang='lat' dir='ltr'>nutricisque</span> <span class='ocrx_word' id='word_1_89' title='bbox 641 1044 813 1071; x_wconf 90' lang='lat' dir='ltr'>manum</span> <span class='ocrx_word' id='word_1_90' title='bbox 834 1029 957 1072; x_wconf 91' lang='lat' dir='ltr'>laeva</span> <span class='ocrx_word' id='word_1_91' title='bbox 980 1036 1112 1080; x_wconf 88' lang='lat' dir='ltr'>tenet,</span> <span class='ocrx_word' id='word_1_92' title='bbox 1137 1030 1268 1072; x_wconf 86' lang='lat' dir='ltr'>altera</span> <span class='ocrx_word' id='word_1_93' title='bbox 1290 1036 1410 1072; x_wconf 91' lang='lat' dir='ltr'>motu</span> 
     </span>
     <span class='ocr_line' id='line_1_15' title="bbox 360 1086 1542 1143; baseline 0.002 -15"><span class='ocrx_word' id='word_1_94' title='bbox 360 1101 532 1129; x_wconf 89' lang='lat' dir='ltr'>caecum</span> <span class='ocrx_word' id='word_1_95' title='bbox 556 1086 636 1128; x_wconf 86' lang='lat' dir='ltr'>iter</span> <span class='ocrx_word' id='word_1_96' title='bbox 660 1086 861 1141; x_wconf 87' lang='lat' dir='ltr'>explorat.</span> <span class='ocrx_word' id='word_1_97' title='bbox 920 1086 1093 1127; x_wconf 90' lang='lat' dir='ltr'>thalami</span> <span class='ocrx_word' id='word_1_98' title='bbox 1117 1086 1201 1128; x_wconf 88' lang='lat' dir='ltr'>iam</span> <span class='ocrx_word' id='word_1_99' title='bbox 1225 1086 1370 1128; x_wconf 90' lang='lat' dir='ltr'>limina</span> <span class='ocrx_word' id='word_1_100' title='bbox 1392 1086 1542 1143; x_wconf 82' lang='lat' dir='ltr'>tangit,</span> 
     </span>
     <span class='ocr_line' id='line_1_16' title="bbox 358 1142 1471 1197; baseline 0 -13"><span class='ocrx_word' id='word_1_101' title='bbox 358 1143 528 1196; x_wconf 89' lang='lat' dir='ltr'>iamque</span> <span class='ocrx_word' id='word_1_102' title='bbox 551 1142 662 1184; x_wconf 87' lang='lat' dir='ltr'>fores</span> <span class='ocrx_word' id='word_1_103' title='bbox 686 1142 838 1197; x_wconf 89' lang='lat' dir='ltr'>aperit,</span> <span class='ocrx_word' id='word_1_104' title='bbox 861 1142 947 1184; x_wconf 92' lang='lat' dir='ltr'>iam</span> <span class='ocrx_word' id='word_1_105' title='bbox 971 1142 1138 1184; x_wconf 89' lang='lat' dir='ltr'>ducitur</span> <span class='ocrx_word' id='word_1_106' title='bbox 1159 1142 1284 1184; x_wconf 85' lang='lat' dir='ltr'>intus.</span> <span class='ocrx_word' id='word_1_107' title='bbox 1344 1149 1387 1184; x_wconf 87' lang='lat' dir='ltr'>at</span> <span class='ocrx_word' id='word_1_108' title='bbox 1408 1142 1471 1185; x_wconf 87' lang='lat' dir='ltr'>illi</span> 
     </span>
     <span class='ocr_line' id='line_1_17' title="bbox 359 1198 1421 1264; baseline 0.001 -24"><span class='ocrx_word' id='word_1_109' title='bbox 359 1198 518 1255; x_wconf 89' lang='lat' dir='ltr'>poplite</span> <span class='ocrx_word' id='word_1_110' title='bbox 542 1198 743 1240; x_wconf 89' lang='lat' dir='ltr'>succiduo</span> <span class='ocrx_word' id='word_1_111' title='bbox 767 1212 908 1253; x_wconf 86' lang='lat' dir='ltr'>genua</span> <span class='ocrx_word' id='word_1_112' title='bbox 929 1198 1202 1249; x_wconf 89' lang='lat' dir='ltr'>intremuere,</span> <span class='ocrx_word' id='word_1_113' title='bbox 1225 1198 1421 1264; x_wconf 83' lang='lat' dir='ltr'>fugitque</span> 
     </span>
     <span class='ocr_line' id='line_1_18' title="bbox 360 1254 1514 1310; baseline -0.001 -12"><span class='ocrx_word' id='word_1_114' title='bbox 360 1263 403 1298; x_wconf 90' lang='lat' dir='ltr'>et</span> <span class='ocrx_word' id='word_1_115' title='bbox 426 1255 538 1296; x_wconf 89' lang='lat' dir='ltr'>color</span> <span class='ocrx_word' id='word_1_116' title='bbox 561 1261 602 1297; x_wconf 88' lang='lat' dir='ltr'>et</span> <span class='ocrx_word' id='word_1_117' title='bbox 625 1254 816 1310; x_wconf 85' lang='lat' dir='ltr'>sanguis,</span> <span class='ocrx_word' id='word_1_118' title='bbox 841 1254 1089 1310; x_wconf 89' lang='lat' dir='ltr'>animusque</span> <span class='ocrx_word' id='word_1_119' title='bbox 1111 1255 1309 1310; x_wconf 84' lang='lat' dir='ltr'>relinqult</span> <span class='ocrx_word' id='word_1_120' title='bbox 1331 1261 1514 1298; x_wconf 89' lang='lat' dir='ltr'>euntem.</span> 
     </span>
    </p>

    <p class='ocr_par' dir='ltr' id='par_1_7' title="bbox 268 1310 1627 1592">
     <span class='ocr_line' id='line_1_19' title="bbox 268 1310 1627 1367; baseline 0.001 -13"><span class='ocrx_word' id='word_1_121' title='bbox 268 1322 337 1354; x_wconf 85' lang='lat'>460</span> <span class='ocrx_word' id='word_1_122' title='bbox 361 1325 530 1365; x_wconf 90' lang='lat' dir='ltr'>quoque</span> <span class='ocrx_word' id='word_1_123' title='bbox 554 1325 630 1352; x_wconf 88' lang='lat' dir='ltr'>suo</span> <span class='ocrx_word' id='word_1_124' title='bbox 654 1310 824 1366; x_wconf 90' lang='lat' dir='ltr'>propior</span> <span class='ocrx_word' id='word_1_125' title='bbox 846 1311 993 1353; x_wconf 89' lang='lat' dir='ltr'>sceleri</span> <span class='ocrx_word' id='word_1_126' title='bbox 1018 1318 1099 1361; x_wconf 89' lang='lat' dir='ltr'>est,</span> <span class='ocrx_word' id='word_1_127' title='bbox 1123 1311 1259 1367; x_wconf 87' lang='lat' dir='ltr'>magis</span> <span class='ocrx_word' id='word_1_128' title='bbox 1282 1311 1441 1363; x_wconf 87' lang='lat' dir='ltr'>horret,</span> <span class='ocrx_word' id='word_1_129' title='bbox 1467 1319 1510 1355; x_wconf 88' lang='lat' dir='ltr'>et</span> <span class='ocrx_word' id='word_1_130' title='bbox 1533 1312 1627 1356; x_wconf 83' lang='lat' dir='ltr'>ausi</span> 
     </span>
     <span class='ocr_line' id='line_1_20' title="bbox 360 1367 1416 1423; baseline 0.002 -15"><span class='ocrx_word' id='word_1_131' title='bbox 360 1367 564 1423; x_wconf 87' lang='lat' dir='ltr'>paenitet,</span> <span class='ocrx_word' id='word_1_132' title='bbox 589 1374 631 1408; x_wconf 88' lang='lat' dir='ltr'>et</span> <span class='ocrx_word' id='word_1_133' title='bbox 654 1367 780 1409; x_wconf 90' lang='lat' dir='ltr'>vellet</span> <span class='ocrx_word' id='word_1_134' title='bbox 802 1380 887 1408; x_wconf 89' lang='lat' dir='ltr'>non</span> <span class='ocrx_word' id='word_1_135' title='bbox 911 1367 1081 1422; x_wconf 88' lang='lat' dir='ltr'>cognita</span> <span class='ocrx_word' id='word_1_136' title='bbox 1134 1382 1227 1410; x_wconf 86' lang='lat' dir='ltr'>osse</span> <span class='ocrx_word' id='word_1_137' title='bbox 1250 1368 1416 1410; x_wconf 87' lang='lat' dir='ltr'>reverti.</span> 
     </span>
     <span class='ocr_line' id='line_1_21' title="bbox 362 1423 1400 1478; baseline 0 -13"><span class='ocrx_word' id='word_1_138' title='bbox 362 1429 629 1465; x_wconf 88' lang='lat' dir='ltr'>cunctantem</span> <span class='ocrx_word' id='word_1_139' title='bbox 652 1423 860 1478; x_wconf 89' lang='lat' dir='ltr'>longaeva</span> <span class='ocrx_word' id='word_1_140' title='bbox 883 1438 1012 1465; x_wconf 89' lang='lat' dir='ltr'>manu</span> <span class='ocrx_word' id='word_1_141' title='bbox 1036 1423 1088 1465; x_wconf 91' lang='lat' dir='ltr'>de</span> <span class='ocrx_word' id='word_1_142' title='bbox 1119 1423 1224 1473; x_wconf 90' lang='lat' dir='ltr'>ucit,</span> <span class='ocrx_word' id='word_1_143' title='bbox 1250 1430 1291 1465; x_wconf 87' lang='lat' dir='ltr'>et</span> <span class='ocrx_word' id='word_1_144' title='bbox 1315 1424 1400 1465; x_wconf 85' lang='lat' dir='ltr'>alto</span> 
     </span>
     <span class='ocr_line' id='line_1_22' title="bbox 361 1479 1587 1535; baseline 0 -14"><span class='ocrx_word' id='word_1_145' title='bbox 361 1479 576 1521; x_wconf 91' lang='lat' dir='ltr'>admotam</span> <span class='ocrx_word' id='word_1_146' title='bbox 598 1479 707 1521; x_wconf 88' lang='lat' dir='ltr'>lecto</span> <span class='ocrx_word' id='word_1_147' title='bbox 731 1493 829 1521; x_wconf 89' lang='lat' dir='ltr'>cum</span> <span class='ocrx_word' id='word_1_148' title='bbox 852 1479 1053 1529; x_wconf 85' lang='lat' dir='ltr'>traderet,</span> <span class='ocrx_word' id='word_1_149' title='bbox 1079 1479 1297 1535; x_wconf 85' lang='lat' dir='ltr'>“accipe,&#39;’</span> <span class='ocrx_word' id='word_1_150' title='bbox 1322 1479 1439 1530; x_wconf 89' lang='lat' dir='ltr'>dixit,</span> <span class='ocrx_word' id='word_1_151' title='bbox 1571 1501 1587 1521; x_wconf 76' lang='grc' dir='ltr'><em>ι</em></span> 
     </span>
     <span class='ocr_line' id='line_1_23' title="bbox 362 1533 1551 1592; baseline 0.002 -15"><span class='ocrx_word' id='word_1_152' title='bbox 362 1535 476 1577; x_wconf 90' lang='lat' dir='ltr'>“ista</span> <span class='ocrx_word' id='word_1_153' title='bbox 498 1542 573 1577; x_wconf 88' lang='lat' dir='ltr'>tua</span> <span class='ocrx_word' id='word_1_154' title='bbox 596 1542 679 1585; x_wconf 87' lang='lat' dir='ltr'>est,</span> <span class='ocrx_word' id='word_1_155' title='bbox 704 1533 916 1590; x_wconf 84' lang='lat' dir='ltr'>Cinyra;&#39;&#39;</span> <span class='ocrx_word' id='word_1_156' title='bbox 943 1535 1179 1590; x_wconf 87' lang='lat' dir='ltr'>devotaque</span> <span class='ocrx_word' id='word_1_157' title='bbox 1203 1550 1378 1592; x_wconf 87' lang='lat' dir='ltr'>corpora</span> <span class='ocrx_word' id='word_1_158' title='bbox 1400 1536 1551 1579; x_wconf 83' lang='lat' dir='ltr'>iunxit.</span> 
     </span>
    </p>

    <p class='ocr_par' dir='ltr' id='par_1_8' title="bbox 269 1591 1504 1873">
     <span class='ocr_line' id='line_1_24' title="bbox 269 1591 1341 1647; baseline 0.002 -14"><span class='ocrx_word' id='word_1_159' title='bbox 269 1602 338 1634; x_wconf 79' lang='lat'>465</span> <span class='ocrx_word' id='word_1_160' title='bbox 364 1591 515 1647; x_wconf 88' lang='lat' dir='ltr'>accipit</span> <span class='ocrx_word' id='word_1_161' title='bbox 538 1592 721 1634; x_wconf 88' lang='lat' dir='ltr'>obsceno</span> <span class='ocrx_word' id='word_1_162' title='bbox 744 1591 910 1647; x_wconf 87' lang='lat' dir='ltr'>genitor</span> <span class='ocrx_word' id='word_1_163' title='bbox 934 1607 1012 1634; x_wconf 90' lang='lat' dir='ltr'>sua</span> <span class='ocrx_word' id='word_1_164' title='bbox 1034 1592 1197 1635; x_wconf 88' lang='lat' dir='ltr'>viscera</span> <span class='ocrx_word' id='word_1_165' title='bbox 1218 1592 1341 1643; x_wconf 82' lang='lat' dir='ltr'>lecto,</span> 
     </span>
     <span class='ocr_line' id='line_1_25' title="bbox 361 1648 1504 1704; baseline 0.002 -15"><span class='ocrx_word' id='word_1_166' title='bbox 361 1648 657 1704; x_wconf 88' lang='lat' dir='ltr'>virgineosque</span> <span class='ocrx_word' id='word_1_167' title='bbox 681 1655 817 1690; x_wconf 89' lang='lat' dir='ltr'>metus</span> <span class='ocrx_word' id='word_1_168' title='bbox 840 1648 954 1691; x_wconf 89' lang='lat' dir='ltr'>levat</span> <span class='ocrx_word' id='word_1_169' title='bbox 977 1648 1250 1703; x_wconf 85' lang='lat' dir='ltr'>hortaturque</span> <span class='ocrx_word' id='word_1_170' title='bbox 1274 1649 1504 1693; x_wconf 89' lang='lat' dir='ltr'>timentem.</span> 
     </span>
     <span class='ocr_line' id='line_1_26' title="bbox 361 1704 1417 1760; baseline 0.001 -14"><span class='ocrx_word' id='word_1_171' title='bbox 361 1704 537 1746; x_wconf 88' lang='lat' dir='ltr'>forsitan</span> <span class='ocrx_word' id='word_1_172' title='bbox 561 1704 708 1746; x_wconf 87' lang='lat' dir='ltr'>aetatis</span> <span class='ocrx_word' id='word_1_173' title='bbox 732 1718 900 1760; x_wconf 91' lang='lat' dir='ltr'>quoque</span> <span class='ocrx_word' id='word_1_174' title='bbox 923 1704 1093 1747; x_wconf 90' lang='lat' dir='ltr'>nomine</span> <span class='ocrx_word' id='word_1_175' title='bbox 1117 1704 1268 1747; x_wconf 85' lang='lat' dir='ltr'>“filia”</span> <span class='ocrx_word' id='word_1_176' title='bbox 1294 1705 1417 1747; x_wconf 87' lang='lat' dir='ltr'>dixit:</span> 
     </span>
     <span class='ocr_line' id='line_1_27' title="bbox 363 1760 1466 1816; baseline 0.002 -14"><span class='ocrx_word' id='word_1_177' title='bbox 363 1760 476 1803; x_wconf 89' lang='lat' dir='ltr'>dicat</span> <span class='ocrx_word' id='word_1_178' title='bbox 500 1768 540 1803; x_wconf 88' lang='lat' dir='ltr'>et</span> <span class='ocrx_word' id='word_1_179' title='bbox 563 1761 635 1802; x_wconf 89' lang='lat' dir='ltr'>illa</span> <span class='ocrx_word' id='word_1_180' title='bbox 659 1760 852 1816; x_wconf 87' lang='lat' dir='ltr'>“pater,”</span> <span class='ocrx_word' id='word_1_181' title='bbox 876 1761 1023 1803; x_wconf 91' lang='lat' dir='ltr'>sceleri</span> <span class='ocrx_word' id='word_1_182' title='bbox 1045 1775 1099 1804; x_wconf 93' lang='lat' dir='ltr'>ne</span> <span class='ocrx_word' id='word_1_183' title='bbox 1122 1761 1293 1804; x_wconf 88' lang='lat' dir='ltr'>nomina</span> <span class='ocrx_word' id='word_1_184' title='bbox 1316 1761 1466 1804; x_wconf 86' lang='lat' dir='ltr'>desint.</span> 
     </span>
     <span class='ocr_line' id='line_1_28' title="bbox 362 1816 1378 1873; baseline 0.001 -14"><span class='ocrx_word' id='word_1_185' title='bbox 362 1817 488 1872; x_wconf 90' lang='lat' dir='ltr'>plena</span> <span class='ocrx_word' id='word_1_186' title='bbox 510 1817 640 1872; x_wconf 91' lang='lat' dir='ltr'>patris</span> <span class='ocrx_word' id='word_1_187' title='bbox 663 1816 856 1858; x_wconf 88' lang='lat' dir='ltr'>thalamis</span> <span class='ocrx_word' id='word_1_188' title='bbox 881 1816 1045 1859; x_wconf 86' lang='lat' dir='ltr'>excedit</span> <span class='ocrx_word' id='word_1_189' title='bbox 1069 1823 1111 1859; x_wconf 90' lang='lat' dir='ltr'>et</span> <span class='ocrx_word' id='word_1_190' title='bbox 1133 1817 1264 1873; x_wconf 90' lang='lat' dir='ltr'>impia</span> <span class='ocrx_word' id='word_1_191' title='bbox 1287 1817 1378 1860; x_wconf 91' lang='lat' dir='ltr'>diro</span> 
     </span>
    </p>

    <p class='ocr_par' dir='ltr' id='par_1_9' title="bbox 270 1872 1565 2152">
     <span class='ocr_line' id='line_1_29' title="bbox 270 1872 1455 1940; baseline 0.002 -26"><span class='ocrx_word' id='word_1_192' title='bbox 270 1884 339 1915; x_wconf 81' lang='lat'>470</span> <span class='ocrx_word' id='word_1_193' title='bbox 364 1873 524 1916; x_wconf 90' lang='lat' dir='ltr'>semina</span> <span class='ocrx_word' id='word_1_194' title='bbox 546 1872 628 1915; x_wconf 84' lang='lat' dir='ltr'>fert</span> <span class='ocrx_word' id='word_1_195' title='bbox 650 1880 770 1915; x_wconf 92' lang='lat' dir='ltr'>utero</span> <span class='ocrx_word' id='word_1_196' title='bbox 795 1880 1082 1928; x_wconf 85' lang='lat' dir='ltr'>conceptaque</span> <span class='ocrx_word' id='word_1_197' title='bbox 1106 1874 1280 1916; x_wconf 90' lang='lat' dir='ltr'>crimina</span> <span class='ocrx_word' id='word_1_198' title='bbox 1302 1880 1455 1940; x_wconf 85' lang='lat' dir='ltr'>portat.</span> 
     </span>
     <span class='ocr_line' id='line_1_30' title="bbox 362 1928 1545 1985; baseline 0.003 -15"><span class='ocrx_word' id='word_1_199' title='bbox 362 1936 530 1985; x_wconf 86' lang='lat' dir='ltr'>postera</span> <span class='ocrx_word' id='word_1_200' title='bbox 553 1943 638 1970; x_wconf 90' lang='lat' dir='ltr'>nox</span> <span class='ocrx_word' id='word_1_201' title='bbox 661 1928 825 1970; x_wconf 87' lang='lat' dir='ltr'>facinus</span> <span class='ocrx_word' id='word_1_202' title='bbox 850 1929 1056 1984; x_wconf 83' lang='lat' dir='ltr'>geminat3</span> <span class='ocrx_word' id='word_1_203' title='bbox 1080 1943 1159 1972; x_wconf 91' lang='lat' dir='ltr'>nec</span> <span class='ocrx_word' id='word_1_204' title='bbox 1182 1930 1276 1972; x_wconf 90' lang='lat' dir='ltr'>finis</span> <span class='ocrx_word' id='word_1_205' title='bbox 1300 1945 1344 1972; x_wconf 90' lang='lat' dir='ltr'>1n</span> <span class='ocrx_word' id='word_1_206' title='bbox 1366 1930 1438 1972; x_wconf 85' lang='lat' dir='ltr'>illa</span> <span class='ocrx_word' id='word_1_207' title='bbox 1461 1937 1545 1973; x_wconf 83' lang='lat' dir='ltr'>est:</span> 
     </span>
     <span class='ocr_line' id='line_1_31' title="bbox 364 1983 1565 2042; baseline 0.001 -14"><span class='ocrx_word' id='word_1_208' title='bbox 364 2000 461 2028; x_wconf 91' lang='lat' dir='ltr'>cum</span> <span class='ocrx_word' id='word_1_209' title='bbox 484 1985 653 2027; x_wconf 90' lang='lat' dir='ltr'>tandem</span> <span class='ocrx_word' id='word_1_210' title='bbox 679 1983 877 2040; x_wconf 87' lang='lat' dir='ltr'>Cinyras,</span> <span class='ocrx_word' id='word_1_211' title='bbox 904 1985 1052 2027; x_wconf 89' lang='lat' dir='ltr'>avidus</span> <span class='ocrx_word' id='word_1_212' title='bbox 1077 1999 1330 2042; x_wconf 84' lang='lat' dir='ltr'>cognoscere</span> <span class='ocrx_word' id='word_1_213' title='bbox 1353 1993 1565 2031; x_wconf 75' lang='lat' dir='ltr'>amantem</span> 
     </span>
     <span class='ocr_line' id='line_1_32' title="bbox 362 2041 1283 2097; baseline 0.003 -15"><span class='ocrx_word' id='word_1_214' title='bbox 362 2048 459 2097; x_wconf 87' lang='lat' dir='ltr'>post</span> <span class='ocrx_word' id='word_1_215' title='bbox 481 2047 544 2082; x_wconf 89' lang='lat' dir='ltr'>tot</span> <span class='ocrx_word' id='word_1_216' title='bbox 567 2041 833 2092; x_wconf 82' lang='lat' dir='ltr'>concubitus,</span> <span class='ocrx_word' id='word_1_217' title='bbox 857 2041 973 2084; x_wconf 84' lang='lat' dir='ltr'>illato</span> <span class='ocrx_word' id='word_1_218' title='bbox 996 2042 1153 2084; x_wconf 91' lang='lat' dir='ltr'>lumine</span> <span class='ocrx_word' id='word_1_219' title='bbox 1177 2042 1283 2085; x_wconf 90' lang='lat' dir='ltr'>vidit</span> 
     </span>
     <span class='ocr_line' id='line_1_33' title="bbox 364 2098 1428 2152; baseline 0.003 -13"><span class='ocrx_word' id='word_1_220' title='bbox 364 2104 405 2140; x_wconf 91' lang='lat' dir='ltr'>et</span> <span class='ocrx_word' id='word_1_221' title='bbox 429 2098 565 2139; x_wconf 89' lang='lat' dir='ltr'>scelus</span> <span class='ocrx_word' id='word_1_222' title='bbox 590 2104 632 2139; x_wconf 86' lang='lat' dir='ltr'>et</span> <span class='ocrx_word' id='word_1_223' title='bbox 654 2104 818 2139; x_wconf 77' lang='lat' dir='ltr'>natamt</span> <span class='ocrx_word' id='word_1_224' title='bbox 843 2098 1066 2152; x_wconf 87' lang='lat' dir='ltr'>verbisque</span> <span class='ocrx_word' id='word_1_225' title='bbox 1091 2098 1233 2141; x_wconf 85' lang='lat' dir='ltr'>dolore</span> <span class='ocrx_word' id='word_1_226' title='bbox 1255 2099 1428 2142; x_wconf 88' lang='lat' dir='ltr'>retentis</span> 
     </span>
    </p>

    <p class='ocr_par' dir='ltr' id='par_1_10' title="bbox 272 2153 1297 2210">
     <span class='ocr_line' id='line_1_34' title="bbox 272 2153 1297 2210; baseline 0.002 -14"><span class='ocrx_word' id='word_1_227' title='bbox 272 2165 338 2196; x_wconf 84' lang='grc'>475</span> <span class='ocrx_word' id='word_1_228' title='bbox 395 2153 564 2196; x_wconf 90' lang='lat' dir='ltr'>endenti</span> <span class='ocrx_word' id='word_1_229' title='bbox 586 2153 765 2196; x_wconf 68' lang='lat' dir='ltr'>nit-idum</span> <span class='ocrx_word' id='word_1_230' title='bbox 789 2154 943 2210; x_wconf 89' lang='lat' dir='ltr'>vagina</span> <span class='ocrx_word' id='word_1_231' title='bbox 967 2154 1119 2210; x_wconf 87' lang='lat' dir='ltr'>deripit</span> <span class='ocrx_word' id='word_1_232' title='bbox 1142 2170 1297 2198; x_wconf 90' lang='lat' dir='ltr'>ensem.</span> 
     </span>
    </p>

    <p class='ocr_par' dir='ltr' id='par_1_11' title="bbox 362 2209 1582 2435">
     <span class='ocr_line' id='line_1_35' title="bbox 416 2209 1582 2266; baseline 0.004 -15"><span class='ocrx_word' id='word_1_233' title='bbox 416 2209 543 2265; x_wconf 89' lang='lat' dir='ltr'>yrrha</span> <span class='ocrx_word' id='word_1_234' title='bbox 566 2210 696 2266; x_wconf 85' lang='lat' dir='ltr'>fugit,</span> <span class='ocrx_word' id='word_1_235' title='bbox 720 2211 986 2265; x_wconf 87' lang='lat' dir='ltr'>tenebrisque</span> <span class='ocrx_word' id='word_1_236' title='bbox 1011 2218 1053 2253; x_wconf 86' lang='lat' dir='ltr'>et</span> <span class='ocrx_word' id='word_1_237' title='bbox 1076 2225 1226 2255; x_wconf 89' lang='lat' dir='ltr'>caecae</span> <span class='ocrx_word' id='word_1_238' title='bbox 1249 2226 1423 2255; x_wconf 89' lang='lat' dir='ltr'>munere</span> <span class='ocrx_word' id='word_1_239' title='bbox 1446 2211 1582 2256; x_wconf 86' lang='lat' dir='ltr'>noctis</span> 
     </span>
     <span class='ocr_line' id='line_1_36' title="bbox 362 2266 1454 2324; baseline 0.003 -16"><span class='ocrx_word' id='word_1_240' title='bbox 362 2266 594 2322; x_wconf 89' lang='lat' dir='ltr'>intercepta</span> <span class='ocrx_word' id='word_1_241' title='bbox 616 2266 709 2309; x_wconf 90' lang='lat' dir='ltr'>neci</span> <span class='ocrx_word' id='word_1_242' title='bbox 733 2274 816 2317; x_wconf 85' lang='lat' dir='ltr'>est3</span> <span class='ocrx_word' id='word_1_243' title='bbox 840 2267 1030 2322; x_wconf 88' lang='lat' dir='ltr'>latosque</span> <span class='ocrx_word' id='word_1_244' title='bbox 1055 2275 1209 2323; x_wconf 84' lang='lat' dir='ltr'>vagata</span> <span class='ocrx_word' id='word_1_245' title='bbox 1231 2282 1307 2324; x_wconf 89' lang='lat' dir='ltr'>per</span> <span class='ocrx_word' id='word_1_246' title='bbox 1330 2283 1454 2324; x_wconf 88' lang='lat' dir='ltr'>agros</span> 
     </span>
     <span class='ocr_line' id='line_1_37' title="bbox 362 2322 1483 2380; baseline 0.004 -16"><span class='ocrx_word' id='word_1_247' title='bbox 362 2322 604 2378; x_wconf 87' lang='lat' dir='ltr'>palmiferos</span> <span class='ocrx_word' id='word_1_248' title='bbox 628 2323 796 2365; x_wconf 90' lang='lat' dir='ltr'>Arabas</span> <span class='ocrx_word' id='word_1_249' title='bbox 818 2323 1130 2379; x_wconf 88' lang='lat' dir='ltr'>Panchaeaque</span> <span class='ocrx_word' id='word_1_250' title='bbox 1153 2339 1252 2366; x_wconf 90' lang='lat' dir='ltr'>rura</span> <span class='ocrx_word' id='word_1_251' title='bbox 1273 2324 1483 2380; x_wconf 89' lang='lat' dir='ltr'>relinquit.</span> 
     </span>
     <span class='ocr_line' id='line_1_38' title="bbox 362 2379 1455 2435; baseline 0.004 -15"><span class='ocrx_word' id='word_1_252' title='bbox 362 2393 521 2435; x_wconf 91' lang='lat' dir='ltr'>perque</span> <span class='ocrx_word' id='word_1_253' title='bbox 545 2393 698 2422; x_wconf 90' lang='lat' dir='ltr'>novem</span> <span class='ocrx_word' id='word_1_254' title='bbox 723 2380 876 2422; x_wconf 88' lang='lat' dir='ltr'>erravit</span> <span class='ocrx_word' id='word_1_255' title='bbox 898 2379 1112 2423; x_wconf 88' lang='lat' dir='ltr'>redeuntis</span> <span class='ocrx_word' id='word_1_256' title='bbox 1136 2395 1294 2423; x_wconf 87' lang='lat' dir='ltr'>cornua</span> <span class='ocrx_word' id='word_1_257' title='bbox 1315 2381 1455 2433; x_wconf 86' lang='lat' dir='ltr'>lunae,</span> 
     </span>
    </p>

    <p class='ocr_par' dir='ltr' id='par_1_12' title="bbox 271 2435 1433 2712">
     <span class='ocr_line' id='line_1_39' title="bbox 271 2435 1359 2491; baseline 0.001 -13"><span class='ocrx_word' id='word_1_258' title='bbox 271 2446 339 2478; x_wconf 86' lang='lat'>480</span> <span class='ocrx_word' id='word_1_259' title='bbox 364 2450 461 2477; x_wconf 90' lang='lat' dir='ltr'>cum</span> <span class='ocrx_word' id='word_1_260' title='bbox 485 2435 655 2477; x_wconf 89' lang='lat' dir='ltr'>tandem</span> <span class='ocrx_word' id='word_1_261' title='bbox 679 2442 789 2478; x_wconf 90' lang='lat' dir='ltr'>terra</span> <span class='ocrx_word' id='word_1_262' title='bbox 812 2435 1017 2491; x_wconf 90' lang='lat' dir='ltr'>requievit</span> <span class='ocrx_word' id='word_1_263' title='bbox 1040 2436 1154 2479; x_wconf 86' lang='lat' dir='ltr'>fessa</span> <span class='ocrx_word' id='word_1_264' title='bbox 1178 2435 1359 2480; x_wconf 88' lang='lat' dir='ltr'>Sabaea.</span> 
     </span>
     <span class='ocr_line' id='line_1_40' title="bbox 363 2491 1433 2547; baseline 0.003 -14"><span class='ocrx_word' id='word_1_265' title='bbox 363 2491 518 2546; x_wconf 91' lang='lat' dir='ltr'>vixque</span> <span class='ocrx_word' id='word_1_266' title='bbox 541 2491 650 2534; x_wconf 87' lang='lat' dir='ltr'>uteri</span> <span class='ocrx_word' id='word_1_267' title='bbox 671 2492 867 2547; x_wconf 85' lang='lat' dir='ltr'>portabat</span> <span class='ocrx_word' id='word_1_268' title='bbox 891 2507 1009 2535; x_wconf 88' lang='lat' dir='ltr'>onus.</span> <span class='ocrx_word' id='word_1_269' title='bbox 1067 2500 1158 2535; x_wconf 90' lang='lat' dir='ltr'>tum</span> <span class='ocrx_word' id='word_1_270' title='bbox 1181 2493 1323 2536; x_wconf 86' lang='lat' dir='ltr'>nescia</span> <span class='ocrx_word' id='word_1_271' title='bbox 1346 2493 1433 2536; x_wconf 89' lang='lat' dir='ltr'>voti</span> 
     </span>
     <span class='ocr_line' id='line_1_41' title="bbox 363 2547 1398 2603; baseline 0.004 -14"><span class='ocrx_word' id='word_1_272' title='bbox 363 2554 490 2602; x_wconf 90' lang='lat' dir='ltr'>atque</span> <span class='ocrx_word' id='word_1_273' title='bbox 514 2547 622 2590; x_wconf 90' lang='lat' dir='ltr'>inter</span> <span class='ocrx_word' id='word_1_274' title='bbox 644 2548 873 2603; x_wconf 88' lang='lat' dir='ltr'>mortisque</span> <span class='ocrx_word' id='word_1_275' title='bbox 897 2556 1034 2591; x_wconf 90' lang='lat' dir='ltr'>metus</span> <span class='ocrx_word' id='word_1_276' title='bbox 1058 2556 1101 2591; x_wconf 87' lang='lat' dir='ltr'>et</span> <span class='ocrx_word' id='word_1_277' title='bbox 1123 2549 1264 2592; x_wconf 87' lang='lat' dir='ltr'>taedia</span> <span class='ocrx_word' id='word_1_278' title='bbox 1286 2549 1398 2593; x_wconf 85' lang='lat' dir='ltr'>vitae</span> 
     </span>
     <span class='ocr_line' id='line_1_42' title="bbox 363 2603 1412 2662; baseline 0.002 -16"><span class='ocrx_word' id='word_1_279' title='bbox 363 2611 428 2646; x_wconf 85' lang='lat' dir='ltr'>est</span> <span class='ocrx_word' id='word_1_280' title='bbox 449 2603 554 2646; x_wconf 85' lang='lat' dir='ltr'>tales</span> <span class='ocrx_word' id='word_1_281' title='bbox 579 2605 799 2660; x_wconf 87' lang='lat' dir='ltr'>complexa</span> <span class='ocrx_word' id='word_1_282' title='bbox 821 2619 986 2660; x_wconf 86' lang='lat' dir='ltr'>preces:</span> <span class='ocrx_word' id='word_1_283' title='bbox 1011 2608 1070 2648; x_wconf 91' lang='lat' dir='ltr'>“o</span> <span class='ocrx_word' id='word_1_284' title='bbox 1094 2604 1130 2647; x_wconf 89' lang='lat' dir='ltr'>si</span> <span class='ocrx_word' id='word_1_285' title='bbox 1154 2619 1239 2660; x_wconf 90' lang='lat' dir='ltr'>qua</span> <span class='ocrx_word' id='word_1_286' title='bbox 1260 2606 1412 2662; x_wconf 88' lang='lat' dir='ltr'>patetis</span> 
     </span>
     <span class='ocr_line' id='line_1_43' title="bbox 362 2660 1371 2712; baseline 0.003 -11"><span class='ocrx_word' id='word_1_287' title='bbox 362 2660 537 2701; x_wconf 88' lang='lat' dir='ltr'>numina</span> <span class='ocrx_word' id='word_1_288' title='bbox 560 2661 781 2703; x_wconf 71' lang='lat' dir='ltr'>confessisz</span> <span class='ocrx_word' id='word_1_289' title='bbox 804 2661 958 2712; x_wconf 90' lang='lat' dir='ltr'>merui,</span> <span class='ocrx_word' id='word_1_290' title='bbox 981 2676 1060 2704; x_wconf 90' lang='lat' dir='ltr'>nec</span> <span class='ocrx_word' id='word_1_291' title='bbox 1082 2661 1199 2704; x_wconf 87' lang='lat' dir='ltr'>triste</span> <span class='ocrx_word' id='word_1_292' title='bbox 1222 2676 1371 2705; x_wconf 90' lang='lat' dir='ltr'>recuso</span> 
     </span>
    </p>

    <p class='ocr_par' dir='ltr' id='par_1_13' title="bbox 272 2716 1478 2831">
     <span class='ocr_line' id='line_1_44' title="bbox 272 2716 1478 2774; baseline 0 -13"><span class='ocrx_word' id='word_1_293' title='bbox 272 2727 338 2761; x_wconf 83' lang='lat'>485</span> <span class='ocrx_word' id='word_1_294' title='bbox 363 2716 628 2771; x_wconf 87' lang='lat' dir='ltr'>supplicium.</span> <span class='ocrx_word' id='word_1_295' title='bbox 688 2717 762 2759; x_wconf 88' lang='lat' dir='ltr'>sed</span> <span class='ocrx_word' id='word_1_296' title='bbox 785 2732 838 2760; x_wconf 93' lang='lat' dir='ltr'>ne</span> <span class='ocrx_word' id='word_1_297' title='bbox 862 2717 1016 2760; x_wconf 89' lang='lat' dir='ltr'>violem</span> <span class='ocrx_word' id='word_1_298' title='bbox 1038 2718 1241 2772; x_wconf 84' lang='lat' dir='ltr'>vivosque</span> <span class='ocrx_word' id='word_1_299' title='bbox 1266 2724 1478 2774; x_wconf 84' lang='lat' dir='ltr'>superstes</span> 
     </span>
     <span class='ocr_line' id='line_1_45' title="bbox 367 2773 1438 2831; baseline 0.003 -17"><span class='ocrx_word' id='word_1_300' title='bbox 367 2779 616 2828; x_wconf 89' lang='lat' dir='ltr'>mortuaque</span> <span class='ocrx_word' id='word_1_301' title='bbox 641 2773 864 2825; x_wconf 88' lang='lat' dir='ltr'>extinctos,</span> <span class='ocrx_word' id='word_1_302' title='bbox 889 2774 1095 2817; x_wconf 85' lang='lat' dir='ltr'>ambobus</span> <span class='ocrx_word' id='word_1_303' title='bbox 1118 2774 1260 2830; x_wconf 91' lang='lat' dir='ltr'>pellite</span> <span class='ocrx_word' id='word_1_304' title='bbox 1283 2774 1438 2831; x_wconf 88' lang='lat' dir='ltr'>regnis,</span> 
     </span>
    </p>
   </div>
   <div class='ocr_carea' id='block_1_3' title="bbox 1747 0 1786 490">
    <p class='ocr_par' dir='ltr' id='par_1_14' title="bbox 1747 0 1786 490">
     <span class='ocr_line' id='line_1_46' title="bbox 1747 0 1786 490; baseline 0 2752"><span class='ocrx_word' id='word_1_305' title='bbox 1747 0 1786 490; x_wconf 95' lang='lat' dir='ltr'> </span> 
     </span>
    </p>
   </div>
  </div>
 </body>
</html>
