1786 3242
346 256 429 298 122
784 267 829 301 Ρ.
856 263 1020 303 OVIDII
1044 266 1260 305 NASONIS

343 345 499 389 vertice
524 346 576 388 de
599 360 762 388 summo
787 362 952 402 semper
973 347 1157 391 florentis
1181 350 1374 405 Hymetti

342 402 457 444 lutea
480 417 603 444 mane
627 402 741 444 videt
764 403 896 458 pulsis
921 403 1090 446 Aurora
1113 406 1295 448 tenebris

342 458 606 512 invitumque
628 459 752 514 rapit.
810 459 934 501 liceat
957 460 1060 502 mihi
1083 475 1184 503 vera
1206 462 1362 506 referre

250 525 317 557 705
341 528 445 570 pace
469 514 586 556 deae.
645 515 760 568 quod
784 515 837 556 sit
859 530 979 558 roseo
1004 517 1241 572 spectabilis
1265 533 1350 570 ore,

340 569 455 625 quod
479 576 620 612 teneat
641 571 765 620 lucis,
790 578 930 614 teneat
955 573 1135 615 confinia
1157 575 1304 625 noctis,

339 626 544 668 nectareis
570 627 684 681 quod
707 628 843 669 alatur
867 629 986 682 aquis
1009 652 1068 659 —
1089 644 1170 685 ego
1193 630 1370 673 Procrin
1394 633 1611 678 amabam:

340 689 510 738 pectore
533 682 704 725 Procris
729 692 837 733 erat,
861 684 1031 727 Procris
1055 686 1157 727 mihi
1182 702 1348 743 semper
1370 688 1414 730 in
1438 703 1523 733 ore.

341 753 461 781 sacra
483 738 564 780 tori
587 739 805 794 coitusque
828 755 960 783 novos
985 741 1274 797 thalamosque
1297 752 1485 788 recentes

248 805 317 837 710
340 794 559 851 primaque
584 795 735 838 deserti
758 796 993 840 referebam
1018 799 1189 841 foedera
1210 801 1321 842 lecti.

339 858 454 893 mota
478 852 557 893 dea
580 859 644 894 est
667 859 708 894 et
732 853 864 895 “siste
888 861 1001 904 tuas,
1025 854 1207 910 ingrate,
1232 858 1443 911 querelas:

339 907 518 949 Procrin
543 907 704 951 habel’'
729 909 852 960 dixit,
878 911 1026 964 “quod
1050 912 1085 952 si
1109 927 1204 954 mea
1227 913 1404 968 provida
1426 930 1546 958 mens
1570 923 1650 967 est,

338 978 424 1005 non
448 964 645 1007 habuisse
669 965 825 1016 voles,''
850 981 1002 1021 meque
1026 967 1087 1009 illi
1110 968 1216 1010 irata
1239 970 1409 1012 remisit.

339 1020 442 1061 dum
465 1020 591 1063 redeo
614 1036 864 1076 mecumque
889 1023 993 1065 deae
1017 1033 1248 1067 memorata
1270 1033 1465 1078 retracto,

247 1085 314 1117 715
341 1090 432 1119 esse
455 1084 592 1119 metus
617 1078 772 1133 coepit,
797 1094 850 1121 ne
874 1078 966 1121 iura
988 1080 1145 1135 iugalia
1169 1082 1352 1124 coniunx

337 1146 423 1174 non
447 1132 554 1175 bene
579 1142 797 1176 servasset.
856 1135 994 1178 facies
1009 1144 1208 1191 aetasque
1231 1138 1404 1182 iubebat

338 1188 508 1230 credere
533 1189 803 1232 adulterium:
828 1191 1108 1246 prohibebant
1132 1194 1300 1237 credere
1324 1210 1474 1239 mores.

338 1245 412 1286 sed
436 1251 578 1287 tamen
602 1245 791 1288 afueram
799 1262 811 1296 3
837 1248 910 1289 sed
935 1255 977 1290 et
1000 1248 1105 1292 haec
1129 1257 1236 1300 erat,
1261 1252 1373 1304 unde
1396 1253 1602 1306 redibam,

270 1332 273 1334 .
337 1300 521 1343 criminis
546 1303 807 1357 exemplum3
832 1304 906 1345 sed
931 1312 1082 1347 cuncta
1106 1306 1301 1349 timemus
1325 1317 1526 1352 amantes.

246 1367 314 1399 720
338 1371 538 1411 quaerere
562 1359 676 1412 quod
700 1359 864 1400 doleam
888 1367 1047 1411 statuo,
1073 1362 1277 1417 donisque
1300 1364 1498 1420 pudicam

337 1413 559 1456 sollicitare
581 1414 721 1456 fidem.
780 1416 897 1457 favet
919 1416 1018 1458 huic
1041 1418 1211 1460 Aurora
1234 1419 1373 1462 timori

335 1469 614 1524 immutatque
638 1486 776 1513 meam
800 1469 965 1525 (videor
989 1474 1188 1530 sensisse)
1211 1476 1405 1531 figuram.

334 1525 548 1568 Palladias
572 1526 668 1569 ineo
692 1542 777 1569 non
802 1530 1119 1584 cognoscendus
1143 1531 1349 1584 Athenas,

269 1605 271 1612 ν
334 1581 630 1638 ingrediorque
654 1583 839 1626 domum.
899 1586 1023 1641 culpa
1047 1587 1196 1629 domus
1218 1588 1310 1644 ipsa
1333 1591 1504 1634 carebat

242 1648 311 1680 725
336 1645 534 1692 castaque
559 1639 680 1695 signa
704 1640 832 1682 dabat
855 1642 1108 1697 dominoque
1134 1651 1223 1686 erat
1246 1645 1371 1688 anxia
1393 1655 1529 1704 rapto.

334 1694 406 1736 vix
431 1695 548 1736 aditu
571 1710 647 1751 per
669 1696 783 1738 mille
808 1697 925 1739 dolos
950 1699 1003 1739 ad
1027 1698 1286 1743 Erechthida
1309 1702 1422 1745 facto

333 1757 382 1792 ut
404 1751 510 1800 vidi,
535 1751 719 1807 obstipui
743 1753 1027 1808 meditataque
1051 1770 1184 1810 paene
1208 1758 1358 1813 reliqui

332 1813 633 1862 temptamenta
655 1808 751 1850 fide.
809 1810 919 1852 male
942 1826 1029 1861 me,
1055 1812 1156 1866 quin
1180 1827 1282 1855 vera
1303 1814 1471 1866 faterer,

270 1892 272 1894 -
332 1863 538 1913 continui3
562 1865 690 1913 male,
716 1865 834 1918 quin,
859 1874 907 1907 ut
931 1868 1131 1922 oportuit,
1156 1870 1301 1912 oscula
1323 1870 1489 1914 ferrem.

241 1929 308 1961 730
332 1918 459 1961 tristis
484 1927 592 1961 erat:
617 1921 691 1962 sed
713 1922 829 1963 nulla
852 1929 993 1964 tamen
1016 1923 1238 1967 formosior
1259 1926 1331 1969 illa

331 1989 423 2017 esse
447 1982 585 2030 potest
608 1977 731 2026 tristi,
758 1978 1047 2033 desiderioque
1072 1981 1241 2023 dolebat

331 2031 521 2086 coniugis
547 2032 721 2088 abrepti.
780 2042 827 2076 tu
852 2035 1015 2091 collige,
1040 2037 1175 2090 qualis
1199 2038 1243 2079 in
1266 2038 1351 2089 illa,

329 2086 489 2137 Phoce,
515 2088 641 2130 decor
664 2089 808 2139 fuerit,
832 2105 959 2145 quam
985 2092 1044 2134 sic
1069 2093 1187 2135 dolor
1209 2095 1300 2150 ipse
1324 2095 1513 2140 decebat.

268 2171 271 2175 -
330 2143 432 2197 quid
454 2143 654 2194 referam,
679 2147 873 2200 quotiens
897 2149 1171 2203 temptamina
1194 2158 1336 2194 nostra
1357 2153 1503 2208 pudici

237 2211 303 2243 735
328 2200 587 2255 reppulerint
608 2202 772 2244 mores?
797 2204 989 2257 quotiens
1014 2206 1161 2261 “ego''
1186 2207 1338 2250 dixerit
1361 2209 1469 2251 “uni

328 2270 491 2306 servor3
515 2256 772 2312 ubicumque
796 2267 877 2309 est,
903 2261 975 2302 uni
998 2276 1094 2303 mea
1117 2263 1274 2318 gaudia
1297 2265 1477 2308 servo’'?

327 2312 396 2354 cui
420 2326 504 2354 non
527 2313 608 2355 ista
630 2314 714 2356 fide
738 2315 838 2357 satis
863 2317 1121 2372 experientia
1144 2334 1246 2361 sano

326 2382 484 2424 magna
507 2369 640 2412 foret?
686 2385 771 2412 non
796 2387 889 2413 sum
915 2381 1148 2424 contentus,
1174 2382 1215 2417 et
1237 2375 1281 2417 in
1305 2392 1399 2419 mea
1423 2393 1569 2435 pugno

326 2425 519 2474 vulnera,
545 2425 647 2467 dum
672 2441 821 2470 census
847 2429 947 2471 dare
970 2445 1038 2471 me
1062 2445 1137 2486 pro
1161 2439 1284 2474 nocte
1307 2433 1516 2488 paciscor:

234 2493 302 2525 740
325 2495 583 2535 muneraque
609 2484 803 2538 augendo
828 2485 997 2527 tandem
1021 2486 1214 2530 dubitare
1238 2489 1370 2545 coegi.

324 2537 535 2579 exclamo:
562 2539 818 2582 “manifesta
841 2556 913 2583 rea
938 2541 1002 2584 es!
1039 2543 1147 2585 male
1171 2544 1294 2587 fictus
1319 2545 1483 2589 adulter

324 2607 449 2635 verus
474 2608 590 2636 eram
614 2595 809 2638 coniunx.
867 2612 949 2647 me,
973 2599 1146 2654 perfida,
1170 2607 1274 2643 teste
1298 2602 1493 2645 teneris.’'

323 2648 397 2690 illa
419 2649 536 2691 nihil.
595 2652 722 2693 tacito
747 2655 1038 2696 tantummodo
1062 2655 1173 2697 victa
1196 2656 1357 2712 pudore

322 2704 524 2748 insidiosa
546 2707 656 2748 malo
682 2722 778 2749 cum
803 2710 981 2766 coniuge
1003 2711 1148 2753 limina
1170 2712 1299 2768 fugit:

232 2773 297 2805 745
323 2761 568 2816 offensaque
593 2763 676 2805 mei
699 2779 834 2820 genus
859 2780 982 2809 omne
1007 2782 1157 2822 perosa
1181 2769 1367 2812 virorum
