1786 3242
364 291 449 335 206
808 299 852 335 Ρ.
879 298 1044 336 OVIDII
1067 298 1283 336 NASONIS

364 388 406 424 et
427 380 590 423 Pholus
614 387 656 423 et
679 380 903 422 Melaneus
927 386 969 422 et
991 379 1113 421 Abas
1135 379 1359 437 praedator
1382 395 1600 437 aprorum:

362 437 518 492 quique
543 436 629 478 suis
651 435 808 478 frustra
831 435 988 478 bellum
1013 435 1286 487 dissuaserat,
1310 451 1447 493 augur

362 493 563 535 Asbolus.
621 491 690 534 ille
715 492 839 534 etiam
864 491 1067 534 metuenti
1091 492 1265 535 vulnera
1287 492 1424 536 Nesso

364 553 449 591 “ne
473 548 519 590 fu
552 546 594 590 el
619 547 674 590 ad
697 547 964 590 Herculeos''
989 547 1124 602 inquit
1148 548 1414 591 “servaberis
1438 550 1598 593 arcus.''

273 619 340 652 310
364 612 406 646 at
429 619 512 646 non
521 562 808 660 gEurynomus
833 603 1103 659 Lycidasque
1127 611 1170 646 et
1192 604 1329 647 Areos
1354 612 1396 648 et
1417 605 1612 650 Imbreus

363 661 551 716 effugere
575 675 741 702 necem:
766 662 872 714 quos
896 674 1040 702 omnes
1066 660 1212 702 dextra
1236 660 1441 716 Dryantis

361 716 539 772 perculit
563 717 775 759 adversos.
834 716 1058 758 adversum
1082 723 1128 758 tu
1152 730 1339 771 quoque,
1364 717 1559 772 quamvis

362 781 482 829 terga
505 772 634 828 fugae
658 772 853 823 dederas,
877 773 1051 822 vulnus,
1077 771 1286 823 Crenaee,
1311 773 1460 816 tulisti:

362 844 460 871 nam
484 844 614 885 grave
638 829 863 884 respiciens
887 829 996 871 inter
1020 829 1104 870 duo
1128 829 1288 871 lumina
1311 829 1484 881 ferrum,

272 899 338 930 315
363 899 447 939 qua
469 885 580 927 naris
605 885 731 927 fronti
756 885 1041 935 committitur,
1067 885 1241 941 accipis,
1265 885 1387 929 imae.

361 941 405 982 in
429 948 545 983 tanto
569 941 738 983 fremitu
764 941 923 983 cunctis
949 941 1037 983 sine
1061 941 1145 984 fine
1168 941 1333 984 iacebat

363 997 522 1053 sopitus
546 997 663 1039 venis
688 1006 729 1039 et
752 997 1064 1053 inexperrectus
1088 997 1297 1053 Aphidas,
1331 1003 1334 1006 ⁴

361 1053 579 1109 languenti
609 1069 662 1096 ue
686 1068 815 1095 manu
839 1053 1051 1096 carchesia
1073 1053 1205 1096 mixta
1228 1053 1412 1106 tenebat,

362 1109 483 1151 fusus
506 1109 549 1150 in
621 1124 764 1152 ssaeae
788 1109 945 1151 villosis
969 1109 1149 1165 pellibus
1173 1125 1309 1153 ursae.

272 1179 339 1211 320
363 1179 489 1219 quem
513 1166 660 1221 procul
682 1172 731 1207 ut
753 1165 857 1207 vidit
880 1165 1035 1208 frustra
1059 1167 1175 1208 nulla
1198 1181 1315 1208 arma
1338 1174 1591 1219 moventem,

360 1221 506 1263 inserit
529 1228 696 1263 amento
721 1221 874 1277 digitos
899 1222 1146 1264 “miscenda
1157 1222 1266 1277 ”que
1290 1222 1396 1265 dixit

362 1282 492 1319 “oum
517 1276 651 1333 Styge
675 1278 774 1319 vina
797 1277 950 1319 bibas''
974 1278 1167 1320 Phorbas
1175 1295 1187 1329 3
1211 1293 1290 1321 nec
1313 1279 1436 1335 plura
1457 1287 1647 1324 moratus

360 1333 404 1375 in
428 1333 623 1376 iuvenem
647 1333 767 1375 torsit
789 1334 992 1384 iaculum,
1017 1334 1256 1390 ferrataque
1281 1335 1388 1378 collo

361 1389 570 1440 fraxinus,
594 1396 643 1431 ut
667 1404 767 1432 casu
791 1390 919 1432 iacuit
942 1390 1181 1446 resupinus,
1207 1391 1356 1433 adacta
1380 1398 1454 1434 est.

270 1459 336 1491 325
361 1460 472 1487 mors
497 1445 631 1488 caruit
655 1460 800 1496 sensu,
824 1446 1033 1502 plenoque
1058 1461 1081 1488 e
1103 1454 1273 1502 gutture
1297 1447 1419 1489 fluxit

359 1502 487 1556 inque
512 1509 623 1543 toros
647 1501 774 1556 inque
797 1503 891 1558 ipsa
914 1503 1034 1558 niger
1057 1502 1271 1545 carchesia
1295 1504 1480 1559 sanguis.

359 1558 446 1599 vidi
471 1572 550 1613 ego
573 1558 801 1600 Petraeum
826 1566 1046 1600 conantem
1070 1559 1249 1602 evellere
1272 1566 1383 1602 terra

359 1614 637 1669 glandiferam
662 1629 884 1669 quercum:
910 1630 1038 1676 quam
1062 1615 1164 1657 dum
1188 1615 1475 1671 complexibus
1499 1616 1632 1660 ambit

363 1677 403 1712 et
427 1670 561 1724 quatit
586 1670 668 1712 huc
691 1670 791 1713 illuc
814 1671 1109 1726 labefactaque
1132 1672 1286 1714 robora
1308 1672 1449 1723 iactat,

270 1740 336 1773 330
360 1727 506 1768 lancea
527 1726 707 1768 Pirithoi
732 1727 856 1769 costis
880 1727 1066 1769 immissa
1088 1728 1258 1770 Petraei

359 1789 531 1837 pectora
555 1797 650 1824 cum
675 1783 780 1825 duro
804 1783 1005 1825 luctantia
1028 1784 1178 1826 robore
1200 1784 1305 1826 fixit.

358 1838 537 1880 Pirithoi
561 1839 715 1881 virtute
738 1839 906 1894 Lycum
932 1839 1130 1882 cecidisse
1154 1840 1360 1891 ferebant,

357 1894 537 1936 Pirithoi
559 1895 713 1937 virtute
738 1893 969 1937 Chromim.
1030 1896 1103 1938 sed
1126 1903 1302 1951 uterque
1325 1896 1531 1941 minorem

359 1950 505 1992 victori
529 1950 697 1992 titulum
722 1965 850 2005 quam
873 1951 1025 2007 Dictys
1049 1952 1294 2008 Helopsque
1319 1953 1538 1996 dederunt.

268 2020 333 2051 335
359 2007 468 2048 fixus
492 2007 656 2062 Helops
679 2007 836 2058 iaculo,
861 2008 974 2062 quod
997 2008 1141 2064 pervia
1165 2017 1354 2064 tempora
1376 2009 1490 2061 fecit,

359 2070 401 2104 et
423 2062 598 2104 missum
622 2079 647 2104 a
671 2063 820 2106 dextra
841 2064 1006 2106 laevam
1029 2065 1264 2120 penetravit
1287 2065 1341 2107 ad
1365 2080 1523 2108 aurem.

356 2118 509 2175 Dictys
534 2119 588 2161 ab
613 2119 783 2175 ancipiti
809 2119 1004 2176 delapsus
1029 2121 1222 2163 acumine
1244 2122 1412 2172 montis,

357 2175 457 2216 dum
481 2175 592 2230 fugit
615 2175 838 2218 instantem
863 2176 1076 2232 trepidans
1099 2177 1247 2219 Ixione
1270 2183 1429 2228 natum,

357 2231 511 2273 decidit
533 2232 576 2273 in
599 2246 800 2287 praeceps
825 2240 865 2275 et
888 2233 1073 2288 pondere
1098 2233 1281 2289 corporis
1306 2248 1456 2276 ornum
1508 2279 1510 2281 ,

266 2301 331 2332 340
355 2287 569 2343 ingentem
593 2288 721 2344 fregit
744 2303 902 2343 suaque
926 2289 1063 2331 induit
1085 2289 1156 2331 ilia
1178 2289 1348 2333 fractae.

330 2382 332 2384 .
355 2344 465 2385 ultor
489 2344 608 2386 adest
631 2344 857 2400 Aphareus
883 2360 1116 2400 saxumque
1141 2361 1164 2388 e
1187 2353 1330 2388 monte
1353 2346 1569 2389 revulsum

354 2399 519 2442 mittere
544 2408 731 2442 conatur.
791 2401 1024 2444 mittentem
1052 2402 1192 2458 stipite
1216 2416 1377 2456 querno

354 2463 533 2512 occupat
556 2457 745 2512 Aegides
770 2457 984 2512 cubitique
1007 2458 1196 2514 ingentia
1219 2458 1378 2515 frangit

354 2526 467 2563 ossa3
491 2527 570 2555 nec
594 2513 768 2555 ulterius
794 2514 893 2556 dare
919 2528 1069 2570 corpus
1093 2514 1240 2556 inutile
1263 2515 1347 2557 leto

262 2581 327 2612 315
354 2575 426 2610 aut
450 2576 573 2611 vacat
597 2576 670 2610 aut
694 2577 831 2619 curat3
856 2577 1060 2625 tergoque
1083 2570 1278 2612 Bianoris
1303 2570 1376 2613 alti

351 2624 498 2675 insilit,
522 2624 636 2666 haud
661 2626 782 2667 solito
806 2640 1062 2681 quemquam
1085 2633 1252 2682 portare
1275 2627 1355 2668 nisi
1378 2627 1538 2683 ipsum3

352 2681 631 2735 opposuitque
654 2696 768 2736 genu
793 2683 934 2733 costis,
960 2697 1239 2738 prensamque
1263 2683 1431 2725 sinistra

352 2737 578 2779 caesariem
602 2738 784 2780 retinens
809 2739 973 2780 vultum
997 2738 1315 2793 minitantiaque
1339 2753 1412 2781 ora

351 2793 500 2834 robore
525 2793 684 2835 nodoso
709 2795 1000 2850 praeduraque
1026 2803 1215 2851 tempora
1238 2795 1376 2851 fregit.
