1774 3256
323 242 379 285 10
761 248 805 283 Ρ.
832 245 998 284 OVIDII
1022 244 1237 282 NASONIS

320 333 478 387 detque
503 329 582 373 sibi
606 328 791 378 veniam,
816 327 970 383 pavido
994 333 1117 382 rogat
1140 340 1230 376 ore,
1255 327 1489 383 pavetque'

323 388 490 432 laedere
513 385 676 428 iactatis
700 391 910 426 maternas
935 383 1099 425 ossibus
1123 382 1307 426 umbras.

322 445 484 487 interea
506 447 700 498 repetunt
723 440 858 482 caecis
883 439 1062 482 obscura
1083 438 1252 481 latebris

282 499 285 504 ’
323 500 454 543 verba
478 498 600 540 datae
625 496 746 539 sortis
771 510 915 539 secum
938 496 1046 538 inter
1068 509 1199 550 seque
1223 495 1426 539 volutant.

230 571 301 604 390
323 556 422 598 inde
445 553 739 597 Promethides
763 552 938 608 placidis
962 551 1234 608 Epimethida
1257 552 1377 596 dictis

324 612 481 653 mulcet
504 621 545 653 et
570 614 663 651 ‘aut
686 609 833 651 fallax’
859 608 918 651 ait
942 611 1025 651 ‘est
1048 608 1231 653 sollertia
1252 608 1388 659 nobis,

325 675 396 710 aut
420 666 491 723 pia
514 672 611 708 sunt
634 666 880 719 nullumque
904 664 1024 707 nefas
1048 664 1218 706 oracula
1242 664 1431 709 suadent.

326 729 515 779 “magna
537 721 723 778 parens''
749 730 860 763 terra
883 729 964 763 est:
988 721 1149 776 lapides
1173 721 1217 763 in
1241 735 1314 764 cor
1343 734 1414 764 ore
1437 728 1573 768 terrae

325 779 487 822 “ossa'’
513 793 607 821 reor
630 778 730 820 dici:
754 778 892 820 iacere
915 777 992 819 hos
1015 785 1110 833 post
1133 784 1252 834 terga
1274 777 1319 820 iu
1351 776 1495 823 emur.’

231 851 300 882 395
326 835 516 891 coniugis
541 834 718 890 augurio
743 847 1000 888 quamquam
1024 833 1192 876 Titania
1215 841 1329 877 mota
1351 842 1428 884 est,

326 908 421 948 spes
445 900 586 934 tamen
609 892 652 933 in
677 890 805 933 dubio
830 899 904 933 est.
964 890 1069 935 adeo
1093 889 1343 933 caelestibus
1366 890 1491 933 ambo

326 949 524 991 diffidunt
545 947 726 990 monitis.
786 947 860 989 sed
884 946 986 1002 quid
1009 953 1214 1002 temptare
1237 946 1428 989 nocebit?

330 1005 554 1047 discedunt
608 1005 833 1058 velantque
858 1011 985 1059 caput
1007 1003 1254 1058 tunicasque
1276 1002 1499 1061 recingunt
1552 1042 1554 1044 ,

326 1070 368 1105 et
390 1063 526 1103 iussos
549 1060 710 1126 lapides
734 1075 812 1102 sua
834 1067 930 1115 post
952 1059 1131 1114 vestigia
1154 1059 1337 1102 mittunt.

231 1133 302 1164 400
327 1133 429 1160 saxa
451 1141 508 1147 —
531 1131 625 1171 qu1s
648 1117 729 1158 hoc
754 1117 914 1166 credat,
937 1115 1019 1158 nisi
1043 1116 1095 1157 sit
1118 1130 1193 1172 pro
1218 1123 1324 1159 teste
1347 1115 1559 1159 vetustas?
1581 1139 1639 1147 -

325 1189 480 1230 ponere
506 1173 701 1215 duritiem
726 1187 901 1228 coepere
925 1187 1133 1227 suumque
1157 1172 1340 1228 rigorem

325 1230 560 1284 mollirique
583 1244 702 1271 mora
725 1229 967 1283 mollitaque
992 1229 1144 1283 ducere
1168 1228 1360 1272 sormam.

325 1301 443 1335 mox,
467 1286 542 1328 ubi
566 1294 806 1334 creverunt,
831 1295 1067 1340 naturaque
1090 1285 1229 1327 mitior
1251 1285 1332 1328 illis

327 1343 520 1398 contigit,
544 1350 591 1384 ut
616 1342 843 1397 quaedam,
869 1342 929 1383 sic
952 1355 1037 1383 non
1060 1341 1301 1392 manifesta,
1325 1341 1458 1384 videri

231 1413 300 1446 405
326 1399 463 1441 forma
486 1406 624 1454 potest
647 1398 846 1447 hominis,
874 1398 947 1440 sed
971 1398 1034 1440 uti
1057 1398 1109 1439 de
1132 1412 1339 1441 marmore
1364 1405 1527 1455 coepto,

326 1471 411 1498 non
436 1462 584 1497 exacta
608 1454 708 1497 satis
732 1454 994 1508 rudibusque
1019 1454 1228 1496 simillima
1251 1454 1394 1511 signis.

326 1526 436 1566 quae
460 1519 602 1553 tamen
626 1526 678 1553 ex
702 1511 783 1552 illis
807 1511 948 1565 aliquo
973 1525 1070 1566 pars
1094 1510 1239 1552 umida
1263 1525 1364 1553 suco

326 1576 366 1610 et
390 1575 555 1610 terrena
578 1567 677 1617 fuit,
702 1582 824 1610 versa
848 1575 908 1609 est
932 1567 977 1608 in
1001 1566 1184 1622 corporis
1208 1582 1351 1609 usum:

325 1624 440 1678 quod
464 1623 646 1666 solidum
670 1630 733 1665 est
755 1624 951 1677 flectique
974 1624 1139 1678 nequit,
1163 1630 1349 1665 mutatur
1370 1622 1415 1666 in
1439 1638 1554 1666 ossaz

231 1695 302 1726 410
326 1695 435 1734 quae
458 1680 584 1722 modo
609 1695 719 1722 vena
741 1680 841 1730 fuit,
867 1679 946 1721 sub
970 1680 1119 1721 eodem
1142 1679 1311 1722 nomine
1336 1680 1507 1723 mansit:

324 1737 452 1790 inque
476 1736 596 1777 brevi
619 1736 755 1791 spatio
780 1741 1027 1790 superorum
1050 1735 1222 1777 numine
1246 1751 1347 1777 saxa

326 1793 455 1834 missa
478 1792 556 1833 viri
579 1792 772 1833 manibus
795 1791 947 1833 faciem
971 1799 1135 1834 traxere
1158 1791 1356 1842 virorum,

327 1855 369 1890 et
393 1849 445 1891 de
468 1847 651 1890 femineo
675 1856 868 1903 reparata
892 1854 955 1889 est
978 1847 1135 1889 femina
1157 1847 1283 1890 iactu.

324 1905 423 1946 inde
447 1919 582 1959 genus
607 1904 759 1945 durum
783 1919 927 1945 sumus
953 1904 1256 1959 experiensque
1278 1904 1486 1955 laborum,

230 1975 300 2006 415
326 1967 367 2003 et
392 1961 640 2002 documenta
664 1960 831 2009 damus,
856 1974 939 2014 qua
964 1960 1093 2002 simus
1117 1960 1277 2016 origine
1300 1961 1400 2003 nati.

383 2015 538 2058 Cetera
562 2017 735 2058 diversis
759 2016 881 2058 tellus
906 2016 1102 2058 animalia
1124 2016 1270 2058 formis
1541 2029 1683 2074 Pfflwn,

326 2081 473 2128 sponte
499 2088 574 2114 sua
598 2072 777 2127 peperit,
803 2079 1028 2127 postquam
1051 2079 1172 2115 vetus
1196 2088 1318 2114 umor
1342 2073 1396 2115 ab
1420 2073 1519 2130 igne

325 2129 530 2195 percaluit
554 2129 671 2178 solis,
697 2143 956 2183 caenumque
980 2129 1173 2183 udaeque
1197 2129 1373 2185 paludes

323 2192 560 2227 intumuere
584 2193 722 2235 aestu,
746 2185 1012 2239 fecundaque
1037 2185 1197 2227 semina
1221 2200 1362 2228 rerum

230 2251 302 2286 420
324 2241 462 2283 vivaci
485 2241 643 2284 nutrita
667 2242 775 2292 solo,
801 2256 879 2283 ceu
902 2241 1046 2283 matris
1070 2241 1114 2282 in
1139 2241 1247 2292 alvo,

325 2305 546 2340 creverunt
570 2297 806 2352 faciemque
831 2298 1015 2352 aliquam
1039 2312 1187 2353 cepere
1211 2297 1426 2341 morando.

327 2354 386 2395 sic
410 2354 484 2395 ubi
508 2354 692 2396 deseruit
715 2354 906 2396 madidos
931 2355 1202 2410 septemfluus
1226 2369 1350 2396 aoros

324 2409 448 2451 Nilus
473 2417 514 2452 et
537 2410 709 2465 antiquo
734 2426 811 2452 sua
834 2411 1008 2452 flumina
1030 2410 1212 2452 reddidit
1235 2426 1260 2452 a
1277 2424 1354 2453 veo

325 2466 594 2521 aetherioque
618 2481 762 2509 recens
788 2466 942 2509 exarsit
968 2466 1102 2509 sidere
1125 2466 1264 2516 limus,

232 2535 299 2566 425
323 2522 504 2577 plurima
527 2523 706 2565 cultores
730 2523 861 2566 versis
886 2523 1082 2565 animalia
1104 2522 1265 2579 glaebis

323 2578 555 2629 inveniunt,
581 2587 621 2620 et
644 2579 688 2620 in
711 2579 775 2621 his
800 2580 1008 2634 quaedam
1032 2580 1158 2621 modo
1183 2586 1332 2635 coepta
1355 2578 1435 2622 sub
1458 2579 1599 2637 ipsum

323 2634 523 2676 nascendi
547 2635 748 2690 spatium,
772 2636 981 2690 quaedam
1004 2635 1251 2691 imperfecta
1274 2635 1444 2691 suisque

323 2697 473 2732 trunca
495 2690 641 2732 vident
663 2692 867 2742 numeris,
893 2700 935 2734 et
959 2692 1107 2734 eodem
1131 2692 1175 2733 in
1200 2705 1372 2748 corpore
1397 2707 1523 2749 saepe

323 2746 455 2789 altera
478 2761 574 2802 pars
600 2747 720 2798 vivit,
746 2748 862 2790 rudis
887 2755 949 2790 est
972 2763 1069 2804 pars
1095 2748 1226 2790 altera
1251 2748 1388 2790 tellus.

1759 3142 1762 3149 ⁴
1756 3069 1764 3084 ¹·
1764 2972 1774 3037 ...nn
1758 2915 1774 2962 Aac
1752 2812 1774 2908 5482„
1767 2797 1774 2802 ,
1758 2760 1772 2787 ,ηε
1758 2706 1774 2750 21:¹2
