1786 3242
255 289 752 328 METAMORPHOSEON
774 290 872 327 LIB.
895 290 984 326 XII.
1009 290 1203 327 482—569.
1338 280 1420 324 211

84 420 94 429 Ι,
140 394 194 408 ···
215 393 224 409 2
253 371 320 414 vir
341 371 578 428 quondam,
603 371 679 416 sed
703 387 818 415 nunc
842 372 932 414 avis
955 372 1102 422 unica,
1128 370 1356 415 Caeneu!”

74 435 91 480 'J
228 443 297 472 res
320 436 493 472 auctore
517 443 595 472 suo
619 436 695 472 est.
755 429 876 471 dolor
899 429 1062 472 addidit
1084 429 1206 479 iram,

165 518 167 520 -
188 499 295 528 ..um
325 499 381 528 ue
404 500 533 542 aegre
556 485 731 529 tulimus
755 493 818 528 tot
841 486 896 528 ab
920 485 1113 529 hostibus
1137 500 1290 536 unum;

96 545 118 595 'j
146 540 266 600 prius
289 557 316 584 a
346 541 528 585 stitimus
552 543 665 586 ferro
690 557 886 586 exercere
911 542 1113 593 dolorem,

199 597 300 642 data
320 613 420 656 pars
443 599 543 650 let0‚
567 606 732 657 partem
756 599 863 656 fuga
884 614 1054 655 noxque
1078 598 1284 642 removit.’
1448 613 1518 645 530

64 658 108 704 ³3⁶,-
126 666 152 693 ῑῑ
186 687 195 693 .
249 655 360 700 inter
381 655 592 712 Lapithas
617 663 658 699 et
683 656 980 699 semihomines
1006 654 1244 698 Centauros
1363 655 1516 700 Pericly·

110 734 112 736 >
165 712 177 724 ”
211 743 224 764 ,
247 711 329 756 'ne
360 712 543 762 olemus,
566 712 693 769 Pylio
716 712 945 763 referente,
970 712 1160 756 dolorem
1236 753 1238 755 μ
1373 711 1503 736 menas.

78 774 93 822 ss'.
124 791 140 810 μ.
176 767 260 813 riti
343 769 464 812 cidae
487 769 616 815 tacito
638 783 725 811 non
748 769 922 826 pertulit
945 784 1017 812 ore

75 836 106 888 4
131 848 135 861 ·
159 847 166 863 ι
194 825 275 870 ait:
300 825 575 870 “Herculeae
600 825 754 868 mirum
779 833 843 869 est
867 826 1025 869 oblivia
1047 825 1187 868 laudis

59 886 118 940 ,⁹²
162 882 261 934 tibi,
284 882 436 926 senior.
497 890 610 926 certe
633 882 737 925 mihi
762 897 889 939 saepe
912 883 1071 926 referre
1449 895 1517 928 535

80 987 82 989 ,
103 938 297 998 bigenas
321 939 503 982 domitos
527 955 554 983 a
577 954 623 983 se
646 948 767 997 pater
789 940 881 997 ipse
907 939 1096 982 solebat.’

13 1001 17 1014 ²
198 996 254 1040 ad
276 995 384 1040 haec
405 996 578 1054 Pylius:
603 996 727 1052 ‘quid
750 1011 819 1040 me
843 996 1086 1040 meminisse
1110 996 1319 1039 malorum

69 1055 90 1065 ‘²‘
105 1052 156 1105 2'-
186 1060 230 1098 et
252 1052 461 1096 obductos
486 1053 607 1096 annis
631 1053 870 1096 rescindere
893 1053 1034 1097 luctus

16 1135 42 1140 =·
195 1117 318 1154 tuum
341 1111 578 1167 genitorem
602 1110 748 1153 odium
773 1110 1044 1166 offensasque
1068 1110 1217 1153 fateri?

96 1173 99 1177 “
137 1166 312 1224 quidem
335 1167 499 1210 maiora
521 1167 626 1219 fide,
651 1166 712 1210 dil
737 1168 871 1224 gessit
895 1175 936 1211 et
961 1168 1109 1210 orbem
1451 1182 1519 1214 540

19 1261 27 1266 ,
55 1279 58 1284 ¹
98 1229 135 1261 ἰ
159 1223 236 1267 vit
257 1224 438 1275 meritis,
461 1223 578 1280 quod
601 1224 773 1267 mallem
796 1239 921 1281 posse
944 1239 1122 1281 negare:

25 1328 27 1330 ,
60 1266 109 1336 2³.
142 1294 283 1337 neque
305 1280 584 1338 Deiphobum
607 1296 688 1325 nec
711 1281 1027 1338 Polydamanta
1048 1295 1129 1324 nec
1151 1280 1292 1337 ipsum

20 1367 46 1375 Α»
67 1386 72 1391 ,
104 1359 144 1374 ιν
169 1352 236 1381 ιη
255 1337 496 1383 laudamus.
556 1338 652 1394 quis
676 1338 788 1382 enim
813 1337 1050 1381 laudaverit
1073 1337 1265 1381 hostem?

19 1409 41 1428 ¹⁵
88 1416 105 1423 v
137 1400 238 1439 tuus
260 1395 429 1452 genitor
451 1394 671 1440 Messenia
693 1395 863 1438 moenia
887 1395 1103 1451 quondam

38 1471 39 1482 2
130 1450 194 1495 vit
216 1457 261 1495 et
281 1451 515 1496 immeritas
538 1452 675 1495 urbes
691 1451 893 1507 Elimque
916 1452 1160 1508 Pylumque
1452 1466 1518 1498 545

24 1516 28 1562 ζ
70 1520 92 1556 j·
121 1507 175 1551 ‘t
194 1507 326 1564 inque
349 1522 468 1552 meos
491 1508 652 1552 ferrum
676 1509 978 1564 flammamque
1001 1508 1188 1552 Penates

27 1586 31 1591 ·
66 1564 224 1623 pulit.
282 1572 329 1608 ut
360 1580 416 1609 ue
440 1565 545 1608 alios
568 1573 747 1618 taceam,
773 1580 880 1622 quos
903 1566 974 1609 ille
997 1565 1194 1622 peremit:

73 1674 75 1677 Ι
101 1656 104 1659 -
135 1636 212 1666 sex
232 1579 416 1666 Nelidae
437 1621 618 1673 fuimus,
644 1630 873 1680 conspecta
895 1622 1113 1666 iuventus:

67 1681 76 1692 ⁶
98 1700 102 1714 2
134 1693 212 1723 sex
234 1678 463 1727 Herculeis
486 1679 750 1731 ceciderunt,
774 1695 843 1723 me
867 1679 1008 1722 minus
1032 1694 1132 1731 uno,

86 1733 219 1779 oe‘bus.
278 1742 408 1791 atque
430 1735 535 1779 alios
558 1735 672 1779 vinci
694 1736 885 1793 potuisse
908 1736 1131 1779 ferendum
1157 1743 1239 1780 ests
1430 1737 1521 1784 '550

18 1815 35 1846 s
134 1815 138 1829 2
173 1791 461 1848 Periclymeni
483 1807 598 1836 mors
622 1791 698 1836 est.
759 1793 827 1836 cui
851 1808 977 1850 posse
1000 1793 1161 1850 figuras

19 1852 21 1860 '
71 1874 84 1898 ,ς
110 1863 215 1893 ¹uere
236 1862 345 1905 quas
369 1849 498 1892 vellet
520 1863 753 1905 rursusque
777 1864 983 1906 reponere
1008 1858 1200 1906 sumptas

22 1890 42 1919 ’ἵ
126 1927 133 1943 ι
202 1920 272 1949 us
297 1905 490 1958 dederat,
513 1906 638 1950 Nelei
660 1906 879 1964 sanguinis
904 1914 1063 1949 auctor.

23 1963 41 2038 Ξ
69 1963 108 1999 ’ῖι
135 1961 212 2006 ubi
233 1963 496 2030 nequiquam
519 1970 585 2007 est
607 1963 767 2006 formas
791 1964 979 2006 variatus
1002 1963 1047 2006 in
1072 1978 1234 2014 omnes,

24 2047 45 2098 μ(
67 2028 89 2032 ”
153 2025 224 2063 tur
244 2018 289 2062 in
312 2019 468 2063 faciem
491 2020 694 2071 volucris,
718 2034 829 2075 quae
853 2020 1035 2063 fulmina
1059 2020 1200 2063 curvis
1453 2035 1519 2066 555

26 2098 93 2149 &²⁷⁸
143 2097 152 2113 ·-
181 2075 288 2120 solet
310 2075 512 2133 pedibus,
538 2077 684 2120 divum
708 2077 950 2134 gratissima
972 2077 1078 2134 regi.

26 2168 47 2194 ,ἢ
66 2138 70 2141 ’
86 2153 91 2169 ·
110 2131 207 2176 ‘bus
229 2147 333 2176 usus
357 2133 465 2184 avis,
489 2133 639 2190 pennis
663 2141 886 2188 rostroque
909 2134 1098 2177 redunco

27 2193 47 2280 ,ζ
112 2210 133 2227 υ
155 2189 311 2246 tisque
333 2189 414 2232 viri
437 2190 670 2234 laniaverat
694 2191 910 2247 unguibus
935 2205 1022 2233 ora.

54 2301 58 2304 η
79 2245 182 2290 .=·t
202 2246 249 2289 in
271 2245 383 2290 hanc
405 2247 585 2290 nimium
610 2255 747 2290 certos
771 2247 1021 2304 Tirynthius
1046 2262 1171 2290 arcus

28 2285 53 2338 ζ’
84 2317 173 2347 ¹oue
193 2303 305 2346 inter
327 2303 464 2347 nubes
488 2304 685 2346 sublimia
709 2305 901 2347 membra
924 2304 1131 2347 ferentem
1451 2318 1519 2351 560

29 2344 50 2405 ξ
75 2359 387 2416 dentemque
410 2360 527 2411 ferit,
550 2361 673 2404 lateri
698 2375 783 2416 qua
807 2361 997 2418 iungitur
1021 2361 1100 2403 ala.
1503 2367 1508 2370 “

31 2411 93 2493 ’ἐ
110 2437 121 2453 s
145 2431 279 2484 grave
302 2417 460 2460 vulnus
484 2426 592 2460 erat:
619 2417 694 2461 sed
717 2417 833 2474 rupti
857 2418 1031 2460 vulnere
1055 2418 1176 2460 nervi

40 2504 44 2516 .-
87 2481 247 2517 -uclunt
270 2481 522 2530 motumque
546 2482 706 2531 negant
731 2475 927 2529 viresque
951 2474 1135 2517 volandi.

33 2499 50 2571 l
87 2529 138 2567 a
140 2529 203 2574 dit
225 2530 271 2574 in
293 2538 470 2582 terram,
493 2546 580 2574 non
604 2531 940 2587 concipientibus
965 2546 1091 2574 auras

45 2609 53 2645 ³.
75 2637 81 2643 ⁵
102 2608 107 2624 ·
152 2587 221 2630 ·‘s
244 2587 395 2645 pennis
402 2604 415 2640 3
440 2595 484 2631 et
507 2602 593 2644 qua
616 2588 721 2631 levis
745 2588 940 2632 haeserat
965 2588 1072 2639 alae,
1450 2602 1516 2635 565

53 2646 55 2648 ’
77 2692 81 2694 ,
131 2644 233 2688 ·oris
258 2644 389 2687 adfixi
411 2659 558 2701 pressa
582 2652 645 2688 est
669 2645 878 2702 gravitate
902 2645 1058 2702 sagitta

7 2709 9 2716 “
37 2700 70 2775 ι’
88 2721 102 2737 -a
131 2715 205 2744 ue
227 2701 338 2744 latus
362 2716 578 2744 summum
601 2701 750 2758 iugulo
774 2709 838 2745 est
861 2709 1011 2745 exacta
1035 2701 1216 2745 sinistro.

49 2801 55 2812 .
83 2760 86 2764 ’
118 2778 138 2795 ι·
172 2757 320 2801 videor
343 2758 498 2802 debere
522 2758 585 2802 tui
607 2758 834 2815 praeconia
857 2758 985 2802 rebus

48 2827 53 2848 τ
90 2835 111 2851 ·-
126 2814 265 2883 culis,
290 2829 316 2858 ο
339 2814 532 2860 Rhodiae
558 2815 708 2859 ductor
731 2815 1013 2873 pulcherrime
1038 2816 1210 2859 classis?

630 2896 633 2898 -
1119 2882 1186 2919 14»
