1786 3242
324 229 819 269 METAMORPHOSEON
840 231 938 268 LIB.
963 230 1032 267 IX.
1057 224 1252 268 363-450.

102 313 230 360 vivut
251 311 393 356 adhuc
416 319 535 354 vates
543 327 555 362 3
580 312 781 367 ultusque
805 319 980 369 parente
1034 319 1222 355 arentem

74 411 75 414 ,
103 377 231 416 nutus
253 369 334 412 erit
355 368 471 411 facto
495 368 592 424 pius
616 376 660 411 et
683 369 913 411 sceleratus
938 383 989 412 eo
1022 384 1089 412 em
1097 385 1110 419 3

71 473 81 478 ¹,
101 425 307 482 monitus
336 440 392 468 ue
416 425 558 475 malis,
582 425 682 468 exul
706 426 942 480 mentisque
968 426 1218 480 domusque,

56 500 62 538 j
103 481 294 528 vultibus
359 481 608 524 umenidum
630 482 862 536 matrisque
886 482 1117 538 agitabitur
1140 482 1316 533 umbris,

102 539 242 585 donec
264 553 366 582 eum
388 538 574 581 coniunx
596 537 725 581 fatale
748 538 991 595 poposcerit
1013 553 1179 588 aurum,

16 623 17 627 =
62 598 70 650 ζ
103 602 422 654 cognatumque
444 595 556 638 latus
579 594 798 650 Phegeius
822 595 1011 638 hauserit
1034 594 1160 638 ensis.

56 692 62 698 ,
103 661 197 697 tum
221 651 394 695 demum
417 665 576 707 magno
599 658 714 707 petet
736 651 814 694 hos
839 651 1048 694 Acheloia
1071 651 1252 708 supplex

103 709 162 754 ab
182 708 288 752 Iove
311 705 530 751 Callirhoe’
552 707 663 750 natis
686 707 922 750 infantibus
947 722 1095 758 annos,

53 797 58 805 =.
102 779 214 811 neve
234 779 385 808 necem
407 764 520 807 sinat
542 779 635 806 esse
658 764 725 805 sui
748 764 920 807 cultoris
944 764 1147 807 inultam..

103 821 298 880 Iuppiter
320 820 386 864 his
409 827 552 863 motus
575 820 796 877 privignae
821 821 934 863 dona
958 835 1177 875 nurusque

47 885 50 887 ’
103 877 350 938 praecipiet,
373 877 586 933 facietque
611 877 723 919 viros
747 877 994 933 impubibus
1018 877 1168 920 annis?

46 934 49 936 ’
160 936 285 978 Haec
306 933 383 977 ubi
406 933 781 977 faticanotventuri
805 934 997 990 praescia
1020 934 1127 976 dixit

8 1046 12 1050 Α
45 1045 55 1051 Α
102 1007 179 1038 ore
200 991 396 1042 Themis,
421 991 539 1033 vario
563 991 706 1047 superi
730 1005 923 1034 sermone
947 991 1200 1041 fremebant,

54 1061 58 1063 ’
103 1057 167 1101 et,
190 1063 267 1093 eur
289 1062 378 1091 non
400 1047 493 1091 aliis
518 1047 668 1091 eadem
691 1048 793 1090 dare
817 1048 928 1090 dona
951 1048 1110 1098 liceret,

104 1119 297 1152 murmur
319 1111 423 1148 erat.
481 1105 672 1159 queritur
695 1112 859 1147 veteres
883 1105 1118 1147 Pallantias
1143 1119 1277 1147 annos

11 1187 19 1202 ν
103 1161 298 1220 coniugis
321 1176 416 1205 esse
439 1161 526 1204 sui:
551 1161 743 1217 queritur
767 1176 990 1204 canescere
1014 1161 1127 1203 mitis

18 1221 46 1276 j*
102 1219 276 1264 Iasiona
300 1215 453 1262 Ceres:
477 1218 704 1275 repetitum
727 1218 944 1261 Mulciber
967 1233 1123 1261 aevum

104 1275 242 1334 poscit
262 1274 561 1318 Erichthonio:
586 1275 800 1318 Venerem
824 1289 995 1330 quoque
1020 1290 1121 1318 cura
1145 1274 1278 1317 futuri

104 1332 244 1390 tangit
265 1340 309 1375 et
331 1331 550 1375 Anchisae
573 1346 778 1375 renovare
802 1332 1030 1388 paciscitur
1054 1346 1200 1374 annos.

105 1389 177 1435 eui
199 1389 387 1440 studeat,
411 1388 518 1432 deus
541 1389 678 1431 omnis
703 1388 850 1439 habet3
876 1389 1110 1444 crescitque
1133 1388 1282 1431 favore

13 1449 45 1503 5(
104 1445 277 1490 turbida
301 1445 466 1496 seditio,
490 1446 626 1489 donec
650 1461 728 1488 sua
751 1446 945 1502 Iuppiter
968 1460 1043 1488 ora

105 1503 232 1548 solvit
255 1509 298 1546 et
321 1501 385 1545 ‘01
409 1502 543 1545 nostri
566 1503 602 1545 si
625 1517 711 1557 qua
734 1510 798 1545 est
821 1502 1082 1552 reverentia,'
1108 1502 1214 1544 dixit

104 1565 214 1616 ‘quo
235 1559 382 1602 ruitis?
403 1566 624 1602 tantumne
648 1559 800 1614 aliquis
825 1560 906 1602 sibi
928 1574 1054 1615 posse
1077 1559 1259 1609 videtur,

18 1611 50 1669 '5
103 1617 197 1661 fata
219 1629 390 1672 quoque
414 1623 462 1658 ut
486 1616 683 1672 superet?
717 1616 816 1658 fatis
840 1616 984 1658 Iolaus
1007 1616 1052 1658 in
1077 1630 1223 1665 annos,

136 1687 215 1717 uos
238 1673 347 1730 egit,
371 1672 515 1716 rediit:
540 1672 640 1715 fatis
663 1673 937 1716 iuvenescere
961 1673 1118 1716 debent

104 1689 325 1775 gallin-hos·
345 1729 500 1786 geniti,
522 1742 610 1772 non
634 1730 863 1772 ambitione
888 1744 967 1772 nec
991 1730 1131 1772 armis.

5 1812 14 1832 ῃ
105 1802 183 1831 vos
207 1786 335 1830 etiam
358 1784 550 1842 (quoque
573 1786 656 1829 hoc
679 1787 820 1829 animo
844 1787 1018 1829 meliore
1042 1785 1206 1828 feratis:

4 1846 11 1871 ἵ
44 1890 50 1899 ,7
104 1859 175 1888 me
197 1844 390 1900 quoque)
411 1843 502 1886 fata
524 1851 692 1899 regunt.
751 1858 861 1898 quae
886 1844 921 1885 si
945 1851 1109 1886 mutare
1134 1843 1334 1894 valerem,

19 1911 38 1954 '¹1
104 1915 186 1946 nec
207 1907 401 1944 nostrum
424 1899 507 1943 seri
531 1908 756 1943 curvarent
779 1901 957 1943 Aeacon
981 1900 1095 1950 anni,

5 1936 43 2005 (ζ
105 1965 444 2024 perpetuumque
468 1957 563 2000 aevi
585 1957 734 2000 florem
757 1957 1111 2000 Rhadamanthus
1135 1956 1312 1999 haberet

17 2028 42 2069 3}
106 2029 206 2058 cum
228 2014 378 2057 Mmoza:
402 2028 512 2065 meo,
537 2014 611 2069 qui
634 2022 808 2070 propter
831 2030 977 2056 amara
1000 2022 1195 2057 senectae

162 2071 298 2115 ndera
319 2070 552 2128 despicitur
573 2086 653 2114 nec
676 2085 762 2126 quo
786 2072 903 2127 prius
928 2071 1075 2113 ordine
1099 2070 1277 2127 regnat?

138 2128 222 2172 'eta
242 2127 359 2171 Iovis
382 2142 554 2171 movere
578 2128 699 2178 deos;
723 2143 803 2170 nec
826 2128 1006 2170 sustinet
1029 2128 1155 2177 ullus,

6 2166 13 2186 ³
35 2212 38 2218 ·
105 2198 206 2229 cum
229 2184 373 2228 videat
395 2184 531 2227 fessos
555 2184 912 2227 Rhadamanthon
938 2193 979 2227 et
1004 2185 1182 2227 Aeacon
1206 2184 1328 2227 annis

38 2266 41 2267 ⁷
106 2249 150 2286 et
170 2241 342 2292 ffinoa,
365 2241 505 2297 queri:
531 2241 623 2296 qui,
648 2242 751 2284 dum
774 2241 856 2283 fuit
878 2241 1043 2307 integer
1066 2241 1175 2291 aevi,

9 2294 13 2297 ⁴
35 2345 40 2355 ἶ
105 2306 312 2342 terruerat
335 2313 515 2355 magnas
539 2298 631 2354 ipso
655 2312 826 2354 quoque
851 2313 1021 2342 nomine
1044 2306 1212 2355 gentes3

6 2377 37 2413 ³}-
106 2363 210 2399 tunc
232 2362 323 2399 erat
345 2355 571 2405 invalidus,
596 2355 923 2410 Deionidenque
946 2356 1144 2398 iuventae

4 2420 34 2460 εἴ
106 2412 259 2456 robore
280 2411 481 2456 Miletum
505 2412 777 2479 Phoeboque·
793 2420 968 2468 parente
993 2413 1226 2468 superbum

161 2468 343 2519 rtimuit,
367 2469 630 2524 credensque
654 2470 741 2512 suis
765 2484 984 2525 insurgere
1008 2469 1149 2525 regnis

163 2525 223 2569 ud
245 2533 389 2569 tamen
412 2533 477 2570 est
530 2526 646 2569 atriis
670 2541 812 2569 arcere
836 2525 1073 2569 Penatibus
1097 2540 1240 2568 ausus.

10 2575 34 2604 *Ψ
84 2597 128 2625 Δε
159 2590 259 2627 onte
280 2582 415 2639 fugis,
439 2582 504 2625 M·
525 2592 611 2634 ete,
636 2591 729 2634 tua,
754 2583 964 2638 celerique
989 2583 1133 2625 carina

152 2653 307 2696 egaeas
329 2639 490 2683 metiris
513 2654 646 2695 aquas
671 2648 712 2683 et
736 2640 780 2682 in
803 2640 939 2682 Aside
965 2647 1076 2683 terra

2 2699 4 2701 ’
30 2707 39 2714 ·
105 2695 275 2740 moenia
297 2696 518 2740 constituis
541 2697 736 2753 positoris
761 2696 963 2739 habentia
986 2712 1155 2740 nomen.

0 2800 3 2802 ,
105 2751 176 2796 hic
198 2751 295 2804 tibi,
319 2752 422 2797 dum
447 2754 638 2810 sequitur
659 2754 821 2811 patriae
846 2753 1092 2797 curvamina
1114 2755 1245 2811 ripae,

1401 220 1486 264 155

1507 495 1578 528 410

1507 779 1576 811 415

1402 934 1562 969 Deorum

1389 990 1576 1014 sermones.

1509 1061 1578 1093 420

1508 1344 1577 1376 425

1508 1628 1578 1661 430

1508 1913 1577 1944 435

1509 2198 1578 2230 440

1508 2482 1578 2514 445

1507 2769 1578 2801 450
