1774 3256
346 247 403 291 48
788 255 833 290 Ρ.
859 253 1025 291 0V1D11
1047 251 1264 289 NASONIS

244 370 245 373 η
349 337 532 393 protegit
554 344 595 379 et
619 336 716 378 solis
741 350 794 378 ex
817 335 888 376 illo
912 334 1015 376 vivit
1038 334 1082 375 in
1105 334 1247 376 antris.

258 407 325 439 395
350 394 424 437 sed
447 402 587 436 tamen
610 393 754 434 haeret
778 405 896 433 amor
918 390 1151 445 crescitque
1176 391 1319 434 dolore
1341 389 1549 447 repulsae.

350 457 579 493 extenuant
602 448 750 503 vigiles
773 462 926 503 corpus
949 447 1185 490 miserabile
1210 461 1349 498 curae,

350 506 605 560 adducitque
629 511 769 546 cutem
792 504 947 546 macies
972 510 1014 546 et
1035 503 1080 545 in
1104 507 1202 546 ae‘ra
1225 518 1354 546 sucus

351 561 534 617 corporis
559 560 694 603 omnis
717 560 823 602 abit:
849 574 932 602 vox
956 567 1120 602 tantum
1143 567 1270 626 atque
1293 574 1389 603 ossa
1412 565 1650 616 supersunt.

350 632 434 660 vox
457 624 617 660 manet.
643 631 737 658 ossa
761 617 902 659 ferunt
924 616 1076 682 lapidis
1100 617 1275 659 traxisse
1298 617 1492 673 figuram.

259 689 328 720 400
355 673 469 730 [inde
493 674 595 716 latet
619 673 732 715 silvis
756 673 991 727 nulloque
979 689 1023 715 m
1046 681 1188 715 monte
1212 673 1396 716 videtur.

352 730 547 773 omnibus
571 729 751 772 auditur.
811 744 939 772 sonus
964 737 1045 780 est,
1070 729 1144 784 qui
1168 729 1271 771 vivit
1293 730 1338 772 in
1358 727 1462 786 illa.]

409 786 483 830 Sic
505 786 632 836 hanc,
657 787 717 828 sic
741 786 843 828 alias
867 787 990 828 undis
1015 794 1087 828 aut
1111 786 1323 828 montibus
1346 793 1458 829 ortas

351 845 510 886 luserat
533 842 601 885 hic
624 842 851 898 nymphas,
878 843 937 885 sic
961 850 1104 885 coetus
1128 850 1225 885 ante
1249 842 1401 900 viriles.

351 900 449 943 inde
471 914 621 941 manus
644 899 795 954 aliquis
820 899 1041 955 despectus
1065 899 1120 941 ad
1143 899 1311 942 aethera
1333 900 1484 942 tollens

259 970 328 1002 405
353 956 432 998 ‘sic
457 963 568 998 amet
590 956 681 1011 ipse
704 956 820 1006 licet,
845 956 904 997 sic
928 970 1012 998 non
1035 955 1219 1011 potiatur
1242 955 1418 999 amatol’

353 1013 534 1055 dixerat:
560 1012 737 1054 assensit
759 1012 955 1078 precibus
978 1012 1242 1054 Rhamnusia
1262 1012 1397 1055 iustis.

354 1070 449 1111 fons
474 1076 563 1111 erat
585 1069 756 1118 inlimis,
781 1068 922 1111 nitidis
947 1076 1170 1124 argenteus
1193 1068 1330 1119 undis,

355 1140 482 1180 quem
505 1140 642 1180 neque
666 1132 854 1181 pastores
877 1139 1014 1180 neque
1038 1133 1182 1181 pastae
1205 1132 1347 1168 monte
1371 1125 1558 1182 capellae

246 1217 248 1219 .
356 1183 618 1238 contigerant
641 1182 807 1224 aliudve
831 1197 979 1238 pecus,
1004 1196 1130 1237 quem
1153 1181 1269 1224 nulla
1291 1181 1472 1224 volucris

262 1253 331 1284 410
354 1254 433 1281 nec
457 1240 546 1281 fera
570 1239 760 1280 turbarat
783 1253 860 1281 nec
884 1239 1026 1294 lapsus
1052 1238 1106 1280 ab
1130 1238 1278 1280 arbore
1302 1253 1457 1280 ramus.

353 1310 528 1351 gramen
552 1302 642 1337 erat
665 1296 794 1345 circa,
819 1295 933 1350 quod
956 1295 1170 1351 proximus
1194 1309 1316 1337 umor
1338 1295 1491 1346 alebat,

355 1352 543 1406 silvaque
568 1353 654 1394 sole
678 1352 816 1393 locum
841 1367 1016 1407 passura
1040 1359 1252 1407 tepescere
1275 1351 1404 1393 nullo.

354 1408 422 1450 hic
444 1423 550 1463 puer
574 1415 615 1450 et
639 1408 775 1450 studio
799 1407 979 1450 venandi
1002 1409 1137 1449 lassus
1161 1415 1203 1450 et
1226 1414 1346 1450 aestu

354 1464 595 1520 procubuit,
619 1464 853 1519 faciemque
875 1465 956 1506 loci
979 1465 1222 1518 fontemque
1246 1471 1429 1506 secutus.

262 1535 330 1567 415
356 1522 541 1575 dumque
566 1521 678 1563 sitim
703 1522 849 1564 sedare
873 1521 1009 1577 cupit,
1033 1521 1122 1563 sitis
1146 1521 1277 1563 altera
1300 1520 1449 1563 crevit·

355 1577 540 1631 dumque
565 1577 689 1627 bibit,
714 1578 829 1620 visae
854 1584 1070 1633 correptus
1094 1577 1278 1633 imagine
1301 1577 1462 1619 formae
1751 1623 1753 1626 Α
1773 1621 1774 1624 ¹

355 1649 473 1689 spem
487 1634 575 1676 sine
577 1649 760 1700 corpore
774 1642 905 1684 amat3
925 1649 1075 1690 corpus
1095 1641 1216 1689 putat
1228 1648 1333 1684 esse,
1346 1633 1461 1688 quod
1472 1632 1623 1676 umbra
1634 1639 1709 1678 est.
1750 1601 1774 1670 ἒ

356 1690 586 1746 adstupet
575 1705 665 1746 lpse
690 1690 769 1732 sibi
793 1691 995 1744 vultuque
1018 1691 1217 1732 immotus
1241 1689 1390 1732 eodem
1768 1715 1770 1717 >

248 1780 252 1784 .
356 1746 513 1796 haeret,
537 1754 583 1788 ut
608 1762 630 1788 e
654 1746 782 1788 Pario
806 1747 1032 1788 formatum
1056 1761 1263 1788 marmore
1287 1746 1468 1802 signum.

263 1817 331 1849 420
356 1810 517 1858 spectat
539 1803 657 1844 humi
681 1803 842 1858 positus
866 1803 1082 1858 geminum
1106 1827 1139 1832 —
1162 1817 1239 1844 sua
1261 1802 1422 1844 lumina
1443 1826 1478 1832 -
1501 1800 1632 1853 sidus,

356 1867 398 1901 et
421 1859 572 1914 dignos
595 1858 779 1908 Baccho,
805 1859 954 1914 dignos
979 1867 1019 1901 et
1043 1858 1242 1914 Apolline
1267 1859 1415 1908 crines,

354 1915 635 1981 impubesque
655 1930 796 1980 genas·
812 1923 854 1957 et
877 1915 1062 1957 eburnea
1086 1915 1192 1957 colla
1216 1914 1427 1970 decusque

355 1972 438 2013 oris
463 1979 505 2013 et
528 1972 571 2013 in
594 1971 717 2013 niveo
740 1971 920 2013 mixtum
945 1972 1125 2013 candore
1148 1971 1358 2020 ruborem,

356 2034 590 2094 cunctaque
613 2027 801 2078 miratur,
826 2028 978 2082 quibus
1002 2034 1065 2070 est
1087 2027 1324 2069 mirabilis·
1313 2041 1417 2084 lpse.

263 2099 331 2130 425
356 2099 401 2126 se
426 2084 540 2139 cupit
563 2083 826 2150 imprudens,
851 2091 893 2126 et
916 2084 990 2139 qui
1012 2084 1175 2140 probat,
1200 2083 1290 2139 ipse
1313 2083 1535 2139 probatur,

355 2141 540 2195 dumque
564 2140 688 2195 petit,
711 2140 879 2206 petitur,
903 2141 1141 2196 pariterque
1166 2140 1356 2182 accendit
1378 2146 1420 2183 et
1443 2139 1574 2183 ardet.

353 2197 470 2238 irrita
492 2196 633 2238 fallaci
657 2197 847 2251 quotiens
873 2196 987 2238 dedit
1010 2197 1154 2239 oscula
1177 2196 1301 2238 fontil

353 2253 398 2294 in
421 2253 580 2295 medias
604 2253 797 2307 quotiens
821 2253 958 2295 visum
982 2253 1194 2309 captantia
1217 2253 1371 2295 collum

253 2343 256 2346 ⁴
353 2309 551 2352 bracchia
572 2310 715 2352 mersit
740 2324 869 2375 aquas
892 2324 971 2352 nec
994 2325 1039 2352 se
1064 2309 1316 2365 deprendit'
1304 2325 1348 2351 ιιι
1370 2307 1470 2351 illis!

263 2379 331 2412 430
355 2365 457 2421 quid
480 2366 640 2416 videat,
665 2367 809 2408 nescit.
868 2366 943 2408 sed
967 2366 1081 2420 quod
1105 2365 1236 2415 videt,
1259 2365 1396 2407 uritur
1418 2365 1503 2416 illo,

355 2430 482 2477 atque
507 2423 649 2464 oculos
673 2422 805 2472 idem,
830 2422 902 2477 qui
927 2422 1098 2478 decipit,
1122 2422 1268 2464 incitat
1291 2435 1418 2464 error.

354 2479 541 2529 credule,
565 2479 666 2533 quid
689 2479 844 2520 frustra
868 2478 1089 2521 simulacra
1111 2478 1281 2534 fugacia
1303 2477 1473 2534 captas?

353 2534 467 2589 quod
491 2535 616 2590 petis,
642 2542 704 2577 est
727 2549 952 2589 nusquam:
978 2535 1091 2589 quod
1115 2549 1249 2584 amas,
1273 2541 1479 2585 avertere,
1504 2506 1674 2590 perdesl

352 2590 433 2632 ista
455 2606 744 2646 repercussae,
769 2606 896 2646 quam
920 2591 1074 2641 cernis,
1099 2590 1293 2647 imaginis
1315 2589 1468 2634 umbra
1489 2598 1571 2633 est.

263 2660 328 2692 435
353 2646 412 2688 nil
434 2646 561 2689 habet
584 2647 664 2688 ista
688 2648 772 2697 sui3
797 2655 937 2690 tecum
960 2648 1157 2702 venitque
1179 2654 1423 2713 manetque,

352 2710 492 2744 tecum
517 2703 719 2753 discedet,
745 2703 780 2745 si
803 2711 850 2745 tu
874 2704 1088 2746 discedere
1111 2703 1259 2770 possis.

351 2774 436 2801 non
461 2758 577 2800 illum
604 2757 788 2810 Cereris,
814 2774 897 2802 non
920 2760 1039 2802 illum
1063 2774 1164 2802 cura
1186 2758 1338 2815 quietis
