1786 3242
393 247 476 290 130
834 252 867 289 P
905 251 1070 289 OVIDII
1093 248 1310 287 NASONIS

391 338 600 386 obstruat,
626 342 668 378 at
693 335 856 377 caelum
881 340 992 376 certe
1016 338 1149 388 patet:
1174 331 1329 373 ibimus
1351 330 1462 373 illac.

391 394 534 437 omnia
556 391 790 448 possideat,
813 404 899 432 non
922 388 1108 445 possidet
1131 391 1229 430 aera
1251 386 1422 430 Minos!

392 450 510 492 dixit.
570 456 612 490 et
633 448 798 503 ignotas
823 445 1010 489 animum
1034 444 1203 486 dimittit
1225 444 1270 485 in
1293 450 1417 494 artes,

391 514 671 559 naturamque
694 509 836 545 novat.
894 517 993 543 nam
1017 501 1135 556 ponit
1157 500 1201 542 in
1226 500 1371 542 ordine
1394 513 1570 556 pennas,

303 575 369 608 190
394 578 419 605 a
442 561 616 603 minima
640 567 830 616 coeptas,
853 558 1026 614 longam
1049 557 1240 599 breviore
1265 563 1479 611 sequente,

391 625 440 660 ut
464 618 573 660 clivo
597 616 776 659 crevisse
799 621 936 671 putes.
995 613 1055 656 sic
1078 613 1235 655 rustica
1257 612 1471 667 quondam

391 674 533 717 fistula
557 673 793 729 disparibus
816 671 1020 727 paulatim
1044 670 1179 725 surgit
1201 668 1358 711 avenis.

393 739 484 773 tum
507 730 594 772 lino
616 729 776 772 medias
801 736 843 770 et
867 727 972 770 ceris
997 726 1143 782 alligat
1164 725 1284 776 imas,

395 795 521 842 atque
544 786 603 829 ita
627 785 878 841 compositas
901 797 1033 839 parvo
1059 782 1299 824 curvamine
1322 780 1466 832 flectit,

306 856 371 888 195
394 851 442 885 ut
464 858 585 886 veras
608 842 795 884 imitetur
818 855 930 883 aves.
988 854 1094 895 puer
1117 839 1264 880 Icarus
1287 853 1374 880 una

395 900 534 943 stabat
557 906 617 949 et,
641 899 814 954 ignarus
839 912 916 939 sua
940 898 991 938 se'
1009 903 1188 938 tractare
1211 894 1381 951 pericla,

395 971 466 999 ore
489 955 695 998 renidenti
718 954 844 996 modo
869 967 974 1007 quas
998 967 1110 1008 vaga
1133 958 1322 994 moverat
1345 966 1462 1000 aura,

395 1012 592 1068 captabat
616 1012 800 1067 plumas,
823 1010 977 1051 flavam
1000 1009 1127 1050 modo
1151 1008 1302 1064 pollice
1327 1021 1466 1050 ceram

395 1069 605 1117 mollibat,
630 1068 810 1121 lusuque
835 1081 910 1108 suo
934 1065 1124 1107 mirabile
1148 1065 1279 1120 patris

306 1138 372 1170 200
397 1124 652 1180 impediebat
675 1138 793 1179 opus.
851 1130 1075 1178 postquam
1098 1136 1249 1162 manus
1272 1120 1420 1162 ultima
1442 1118 1600 1175 coeptis

395 1181 592 1237 imposita
616 1187 698 1230 est,
722 1179 914 1235 geminas
938 1178 1080 1233 opifex
1103 1177 1272 1219 libravit
1294 1176 1339 1218 in
1362 1176 1451 1218 alas

395 1238 486 1293 ipse
511 1251 634 1278 suum
659 1251 830 1291 corpus,
853 1242 1051 1288 motaque
1074 1233 1275 1289 pependit
1297 1232 1342 1275 in
1365 1247 1480 1274 aura.

395 1293 564 1336 instruit
587 1300 629 1335 et
651 1299 818 1342 natum,
843 1290 1104 1345 ‘medio’que
1129 1295 1195 1346 ‘ut
1217 1289 1349 1332 limite
1373 1302 1530 1338 curras,

396 1349 544 1399 Icare‚'
570 1349 628 1391 ait
652 1353 841 1390 ‘moneoz
866 1362 940 1397 ne,
967 1347 1000 1388 si
1027 1346 1244 1388 demissior
1266 1345 1361 1395 ibis,

308 1419 373 1452 205
398 1406 513 1448 unda
536 1412 683 1461 gravet
707 1419 886 1460 pennas3
912 1403 947 1445 si
972 1402 1132 1453 celsior,
1156 1402 1267 1458 ignis
1290 1402 1453 1444 adurat.

397 1463 506 1504 inter
529 1469 756 1516 utrumque
780 1461 889 1502 vola.
946 1471 1026 1502 nec
1049 1466 1090 1501 te
1115 1465 1304 1514 spectare
1327 1459 1494 1500 Booten

398 1525 472 1560 aut
496 1518 675 1560 Helicen
699 1517 824 1559 iubeo
849 1516 1123 1570 strictumque
1148 1513 1320 1557 Orionis
1344 1529 1506 1557 ensem:

397 1590 466 1617 me
491 1575 597 1616 duce
622 1589 746 1629 carpe
770 1573 910 1615 viam?
968 1572 1124 1628 pariter
1147 1578 1372 1627 praecepta
1394 1569 1566 1613 volandi

398 1631 526 1673 tradit
550 1638 592 1672 et
614 1630 781 1686 ignotas
805 1629 960 1671 umeris
986 1628 1276 1670 accommodat
1299 1628 1400 1669 alas.

308 1701 375 1732 210
399 1688 507 1730 inter
530 1701 636 1742 opus
660 1686 928 1740 monitusque
952 1700 1087 1741 genae
1111 1684 1311 1726 maduere
1335 1683 1502 1733 seniles,

399 1751 441 1786 et
463 1743 623 1799 patriae
647 1749 855 1785 tremuere
878 1757 1042 1783 manus.
1101 1740 1217 1782 dedit
1241 1740 1384 1782 oscula
1405 1746 1506 1781 nato

398 1800 503 1854 (non
526 1799 680 1842 iterum
703 1797 969 1854 repetendal)
994 1811 1083 1839 suo,
1142 1796 1376 1852 pennisque
1399 1796 1563 1838 levatus

399 1863 496 1898 ante
519 1855 634 1897 volat
657 1855 881 1908 comitique
905 1854 1036 1902 timet,
1060 1853 1173 1895 velut
1198 1853 1304 1903 ales,
1328 1852 1383 1894 ab
1407 1852 1491 1893 alto

399 1926 508 1967 quae
531 1919 718 1953 teneram
742 1911 902 1967 prolem
929 1909 1127 1965 produxit
1150 1909 1194 1950 in
1218 1912 1316 1951 aera
1337 1907 1457 1950 nido:

309 1980 375 2011 215
399 1969 673 2022 hortaturque
699 1967 818 2021 sequi
842 1967 1149 2019 damnosasque
1173 1965 1311 2007 erudit
1334 1971 1444 2007 artes

400 2031 442 2067 et
465 2031 606 2066 movet
628 2024 719 2079 ipse
743 2038 841 2065 suas
865 2030 907 2064 et
930 2022 1018 2064 nati
1042 2021 1212 2077 respicit
1236 2021 1337 2063 alas.

399 2081 477 2123 hos
501 2080 672 2134 aliquis,
697 2079 877 2121 tremula
901 2079 1003 2120 dum
1028 2085 1168 2132 captat
1191 2077 1423 2119 harundine
1446 2076 1598 2133 pisces,

400 2144 480 2181 aut
496 2144 641 2192 pastor
663 2136 833 2186 baculo,
858 2136 1050 2188 stivaque
1074 2133 1243 2175 innixus
1268 2140 1419 2183 arator,

399 2192 505 2235 vidit
529 2200 571 2234 et
594 2192 815 2248 obstipuit,
840 2191 996 2246 quique
1021 2190 1192 2233 aethera
1216 2204 1386 2245 carpere
1409 2195 1582 2245 possent

309 2261 376 2293 220
402 2249 578 2292 credidit
602 2263 693 2291 esse
718 2248 831 2290 deos.
892 2254 934 2290 et
956 2247 1041 2289 iam
1064 2246 1246 2288 Iunonia
1267 2247 1390 2288 laeva

398 2313 517 2362 parte
542 2304 693 2348 Samos
717 2304 904 2358 (fuerant
926 2303 1144 2357 Delosque
1166 2302 1384 2357 Parosque
1407 2300 1609 2356 relictae),

401 2363 550 2405 dextra
573 2361 812 2403 Lebinthus
837 2368 927 2403 erat
949 2360 1216 2413 fecundaque
1239 2359 1362 2401 melle
1388 2356 1615 2413 Calymne:

400 2433 497 2461 cum
521 2433 626 2473 puer
650 2417 799 2459 audaci
824 2416 962 2472 coepit
983 2416 1170 2472 gaudere
1193 2415 1336 2457 volatu

402 2474 668 2528 deseruitque
693 2474 844 2516 ducem
868 2473 1055 2526 caelique
1081 2471 1277 2528 cupidine
1301 2477 1437 2513 tactus

310 2543 376 2576 225
403 2531 526 2573 altius
551 2531 637 2585 egit
660 2530 750 2572 iter.
809 2529 944 2585 rapidi
969 2528 1122 2571 vicinia
1145 2528 1243 2570 solis

401 2587 536 2629 mollit
559 2587 774 2636 odoratas,
797 2600 1030 2641 pennarum
1055 2584 1241 2634 vincula,
1265 2598 1395 2626 ceras.

403 2643 626 2685 tabuerant
651 2657 788 2685 cerae:
814 2642 949 2684 nudos
974 2641 1109 2695 quatit
1130 2641 1200 2682 ille
1223 2641 1415 2690 lacertos,

403 2699 664 2754 remigioque
689 2713 835 2740 carens
858 2713 945 2739 non
967 2697 1074 2739 ullas
1097 2697 1274 2753 percipit
1297 2711 1433 2738 auras.

405 2769 562 2810 oraque
588 2756 780 2797 caerulea
803 2755 984 2811 patrium
1009 2753 1232 2796 clamantia
1254 2767 1408 2795 nomen
