1786 3242
13 1326 51 1902 *aefisswwoew›
17 1294 50 1306 ᾗ
23 1255 51 1278 Α·

355 217 850 284 ΜΕΤΑΜΟΒΡΗοεΕοΝ
871 245 970 281 Lm.
994 244 1099 282 xlv.
1125 244 1318 281 556—643.
1442 234 1526 278 249

148 330 264 374 hunc
285 329 405 373 iubet
427 330 604 373 Aeneae
629 341 923 384 quaecumque
947 326 1131 369 obnoxia
1154 325 1280 368 morti
1551 337 1620 369 600

75 387 91 396 ’”
150 387 324 430 abluere
347 394 390 430 et
412 386 541 430 tacito
567 386 732 429 deferre
756 385 836 427 sub
860 397 1045 439 aequora
1069 397 1209 426 cursu.

72 482 78 486 .
150 443 347 501 corniger
369 443 594 500 exequitur
615 442 796 486 Veneris
820 441 1040 490 mandata,
1066 439 1251 495 suisque,

69 551 71 553 ¹
148 499 359 556 quidquid
381 499 426 543 in
449 501 601 543 Aenea
623 499 762 558 fuerat
785 498 981 548 mortale,
1004 503 1208 553 repurgat

149 565 194 600 et
215 556 425 614 respergit
449 556 583 612 aquis.
643 570 742 622 pars
767 554 926 611 optima
949 553 1100 596 restitit
1129 553 1202 595 illi.

148 612 375 656 lustratum
397 612 592 670 genetrix
616 612 760 655 d1vino
784 626 937 667 corpus
963 610 1092 652 odore
1553 621 1622 654 605

148 669 274 712 unxit
296 677 339 713 et
361 669 574 712 ambrosia
598 683 695 710 cum
720 668 834 710 dulci
857 675 1027 710 nectare
1051 666 1185 708 mixta

149 725 328 783 contigit
350 740 398 768 os
421 725 608 781 fecitque
632 725 774 768 deum.
833 738 961 779 quem
985 723 1111 765 turba
1134 721 1306 776 Quirini

147 789 368 839 nuncupat
390 781 631 839 Indigetem
653 781 898 837 temploque
922 780 1090 846 arisque
1113 780 1285 836 recepit.

206 838 316 882 Inde
340 839 421 882 sub
443 838 620 881 Ascanii
645 837 812 880 dicione
835 836 1062 879 binommis
1086 835 1204 879 Alba
1412 834 1573 869 Pomona
1589 840 1623 869 et

147 909 303 952 resque
325 895 485 938 Latina
507 895 601 937 fuit.
662 893 850 938 succedit
875 892 1034 936 Silvius
1058 892 1138 934 illi:
1402 878 1618 914 Vertumnus.

149 966 236 1008 quo
260 959 377 995 satus
401 952 575 1008 antiquo
598 951 735 995 tenuit
758 950 936 1007 repetita
959 948 1142 991 Latinus
1554 961 1619 993 611

147 1009 323 1052 nomina
346 1023 444 1052 cum
469 1015 649 1065 sceptro.
710 1008 848 1050 clarus
873 1006 988 1049 subit
1011 999 1128 1047 Alb'a
1152 1004 1370 1046 Latinum.

148 1064 320 1122 Epytus
343 1080 404 1109 ex-
420 1065 494 1108 illo
518 1073 595 1108 est.
655 1072 750 1121 post
773 1064 888 1106 hunc
913 1061 1189 1118 Capetusque
1215 1059 1462 1117 Capysque,

149 1123 225 1166 sed
250 1120 397 1179 Capys
421 1129 538 1173 ante,
562 1121 656 1164 fuit.
716 1136 896 1177 regnum
921 1119 1149 1162 Tiberinus
1175 1118 1229 1160 ab
1252 1119 1334 1160 illis

149 1179 281 1236 cepit,
305 1187 347 1223 et
369 1179 415 1222 in
437 1178 570 1221 Tusci
594 1179 811 1221 demersus
835 1176 1022 1219 fluminis
1046 1175 1171 1217 undis
1554 1188 1622 1220 615

147 1236 321 1279 nomina
343 1236 446 1280 fecit
469 1249 619 1291 aquae.
680 1235 732 1277 de
757 1248 843 1289 quo
867 1233 1161 1287 Remulusque
1186 1231 1392 1286 feroxque

118 1316 124 1324 ·
147 1293 313 1336 Acrota
336 1300 435 1336 sunt
458 1292 604 1359 geniti.
664 1292 872 1334 Remulus
897 1289 1101 1331 maturior
1125 1289 1246 1331 annis

148 1349 355 1394 fulmineo
377 1349 522 1406 periit,
545 1349 732 1391 imitator
755 1347 964 1395 fulminis,
989 1346 1090 1388 ictu.

147 1406 280 1450 fratre
303 1421 381 1449 suo
406 1413 620 1463 sceptrum
643 1404 899 1447 moderatior
922 1404 1085 1446 Acrota
1109 1401 1208 1444 forti

148 1463 279 1506 tradit
301 1463 532 1506 Aventino.
593 1462 680 1518 qui,
705 1475 790 1517 quo
815 1467 1033 1517 regnarat,
1059 1459 1209 1502 eodem
1557 1472 1627 1504 620

149 1527 296 1563 monte
317 1519 428 1562 iacet
456 1519 620 1576 positus
644 1518 876 1573 tribuitque
899 1516 1111 1560 vocabula
1131 1515 1278 1557 monti.

148 1577 318 1632 iamque
342 1575 563 1619 Palatinae
588 1590 799 1618 summam
821 1574 962 1616 Proca
985 1573 1125 1629 gentis
1150 1572 1347 1614 habebat.

84 1685 87 1688 Δ
148 1648 252 1690 rege
276 1633 356 1675 sub
379 1632 462 1675 hoc
484 1632 680 1675 Pomona
704 1631 807 1681 fuit,
831 1645 917 1685 qua
941 1631 1058 1672 nulla
1081 1629 1260 1671 Latinas

148 1690 261 1732 inter
283 1689 612 1745 Hamadryadas
637 1688 766 1731 coluit
791 1687 999 1730 sollertius
1023 1686 1181 1736 hortos,

149 1761 230 1790 nec
253 1746 336 1788 fuit
359 1745 526 1788 arborei
549 1745 778 1788 studiosior
801 1744 933 1787 altera
956 1743 1089 1786 fetus:
1557 1754 1626 1786 625

148 1803 264 1846 unde
287 1810 405 1846 tenet
426 1817 596 1844 nomen.
655 1815 742 1843 non
766 1801 894 1843 silvas
917 1800 990 1842 illa
1013 1813 1092 1842 nec
1117 1813 1276 1848 amnes,

149 1875 224 1902 rus
247 1867 362 1902 amat
386 1865 428 1902 et
450 1873 591 1901 ramos
615 1857 756 1901 felicia
778 1872 907 1913 poma
930 1857 1128 1900 ferentes.

149 1931 231 1960 nec
253 1915 394 1958 iaculo
416 1915 559 1972 gravis
584 1923 667 1966 est,
692 1914 769 1957 sed
794 1913 959 1956 adunca
984 1913 1159 1956 dextera
1182 1912 1306 1962 falce,

150 1988 238 2028 qua
259 1972 388 2015 modo
410 1972 623 2015 luxuriem
645 1970 799 2028 premit
823 1977 866 2013 et
889 1969 1114 2026 spatiantia
1135 1968 1298 2035 passim

149 2029 351 2072 bracchia
374 2028 624 2085 compescit,
649 2028 749 2070 fisso
773 2026 900 2069 modo
926 2026 1081 2069 cortice
1105 2041 1270 2082 V1rgam
1558 2037 1625 2069 630

150 2085 299 2129 inserit
322 2092 366 2128 et
389 2099 514 2127 sucos
538 2085 676 2127 alieno
701 2090 888 2140 praestat
912 2084 1097 2125 alumno.

150 2157 232 2185 nec
256 2141 412 2184 sentire
436 2141 548 2183 sitim
571 2140 731 2197 patitur
754 2140 1012 2195 bibulaeque
1037 2153 1236 2182 recurvas

150 2198 306 2242 radicis
329 2197 459 2240 fibras
483 2197 725 2240 labentibus
747 2197 895 2252 irrigat
918 2196 1057 2238 undis.

150 2255 222 2299 hic
245 2269 378 2305 amor,
403 2253 486 2297 hoc
511 2254 716 2304 studium;
740 2253 922 2297 Veneris
941 2266 1118 2307 quoque
1143 2252 1261 2294 nulla
1285 2251 1441 2308 cupido
1467 2258 1543 2294 est.

151 2312 240 2354 vim
263 2319 407 2355 tamen
431 2318 648 2367 agrestum
672 2317 865 2352 metuens
889 2309 1080 2365 pomaria
1104 2308 1263 2351 claudit
1557 2320 1626 2352 635

151 2369 288 2419 intus,
314 2375 357 2411 et
381 2381 577 2411 accessus
601 2366 798 2424 prohibet
821 2366 1066 2422 refugitque
1089 2365 1244 2408 viriles.

183 2425 259 2469 uid
280 2439 368 2468 non
391 2431 434 2468 et
460 2423 622 2480 Satyri,
648 2423 868 2466 saltatibus
899 2429 998 2479 apta
1019 2422 1232 2472 iuventus,

150 2441 293 2526 sseeere
317 2489 360 2525 et
382 2481 487 2538 pinu
510 2480 741 2537 praecincti
766 2493 925 2521 cornua
948 2479 1091 2521 Panes

154 2538 463 2593 Silvanusque,
488 2537 575 2580 suis
600 2551 767 2592 semper
789 2535 1012 2578 iuvenilior
1035 2535 1171 2585 annis,

153 2595 314 2651 quique
338 2594 444 2637 deus
467 2593 584 2637 fures
607 2594 676 2636 vel
699 2593 809 2635 falce
834 2592 901 2634 vel
925 2591 1101 2648 inguine
1125 2598 1268 2641 terret,
1558 2603 1627 2635 640

153 2660 203 2694 ut
225 2658 472 2708 poterentur
496 2650 572 2693 ea?
608 2649 683 2692 sed
708 2649 821 2692 enim
845 2648 1073 2705 superabat
1098 2648 1279 2690 amando

152 2708 231 2751 hos
256 2721 427 2764 quoque
449 2707 733 2751 Vertumnus:
757 2719 896 2760 neque
921 2712 1010 2748 erat
1033 2704 1196 2748 felicior
1218 2704 1313 2747 illis.

144 2779 182 2807 ,ο
205 2764 402 2821 quotiens
426 2762 574 2806 habitu
600 2762 695 2805 duri
719 2761 917 2806 messoris
942 2762 1091 2805 aristas
