1786 3242
389 280 473 324 162
831 291 874 326 Ρ.
901 290 1064 327 OVIDII
1088 290 1305 328 NASONIS

299 384 363 415 715
388 385 483 413 cum
538 377 638 420 ater,
663 370 778 426 Iphi,
803 370 879 412 tibi
901 371 1055 413 flavam
1080 371 1312 428 despondet
1335 372 1530 425 Ianthen,

386 427 493 468 inter
555 426 791 468 haestiadas
816 441 925 481 quae
948 427 1236 470 laudatissima
1258 428 1418 472 formae

387 483 484 524 dote
508 482 588 524 fuit
610 482 744 538 virgo,
768 482 946 525 Dictaeo
970 491 1069 525 nata
1092 483 1272 527 Teleste·

385 553 463 594 par
486 545 619 588 aet-as,
643 553 720 594 par
743 538 879 581 forma
902 539 1000 589 fuit,
1026 539 1264 595 primasque
1287 542 1498 597 magistris

386 608 586 650 accepere
610 602 738 644 artes,
764 595 970 638 elementa
994 596 1158 646 aetatis,
1184 597 1237 638 ab
1260 597 1407 640 isdem.

297 663 362 695 720
386 650 484 692 hinc
508 665 625 692 amor
648 651 867 692 ambarum
891 651 1028 707 tetigit
1050 652 1154 694 rude
1178 660 1344 708 pectus,
1369 661 1411 696 et
1434 667 1617 710 aequum

384 706 538 748 vulnus
562 706 727 761 utrique
753 707 884 749 dedit:
910 708 985 750 sed
1009 716 1098 750 erat
1121 709 1275 750 fiducia
1299 709 1452 766 dispar.

386 762 630 818 coniugium
653 771 886 818 pactaeque
910 771 1103 819 expectat
1126 772 1315 820 tempora
1337 766 1498 818 taedae,

386 833 598 873 quamque
621 819 757 860 virum
780 827 901 875 putat
925 835 1036 870 esse,
1062 836 1186 863 suum
1209 821 1299 864 fore
1324 822 1454 865 credit
1478 822 1644 868 Ianthe.

385 874 503 930 Iphis
528 882 659 925 amat,
684 889 769 929 qua
791 890 914 931 posse
938 876 1023 918 frui
1048 877 1259 933 desperat,
1284 885 1326 920 et
1349 886 1477 934 auget

296 943 360 974 725
384 930 466 973 hoc
489 931 626 986 ipsum
650 931 860 982 flammas,
885 933 1087 987 ardetque
1110 933 1154 975 in
1178 933 1340 990 virgine
1363 935 1497 991 virgo.

384 987 539 1041 vixque
563 994 708 1029 tenens
732 987 925 1030 lacrimas
951 990 1062 1043 ‘quis
1086 1005 1153 1031 me
1177 997 1318 1032 manet
1342 991 1497 1033 exitus'
1520 991 1675 1048 inquit,

385 1044 574 1098 ‘cognita
598 1058 724 1098 quam
747 1045 869 1094 nulli,
894 1058 1021 1098 quam
1045 1046 1286 1102 prodigiosa
1308 1061 1527 1102 novaeque

385 1114 486 1141 cura
510 1107 622 1141 tenet
645 1100 849 1142 Veneris?
883 1101 917 1142 si
942 1101 985 1143 di
1008 1102 1110 1143 mihi
1135 1117 1306 1158 parcere
1330 1103 1499 1154 vellent,

383 1155 558 1210 perdere
583 1155 832 1206 debuerant3
857 1157 893 1198 si
915 1172 1000 1199 non
1024 1165 1064 1200 et
1088 1159 1262 1214 perdere
1286 1159 1453 1210 vellent,

280 1223 360 1255 -730
383 1211 573 1253 naturale
596 1212 754 1253 malum
779 1213 927 1255 saltem
951 1221 990 1256 et
1015 1214 1068 1256 de
1091 1229 1206 1257 more
1233 1215 1458 1258 dedissent.

382 1281 462 1309 nec
485 1281 657 1309 vaccam
680 1282 853 1319 vaccae,
877 1284 1014 1324 neque
1039 1285 1168 1325 equas
1191 1285 1309 1314 amor
1331 1272 1415 1314 urit
1437 1286 1662 1327 equarum:

381 1322 467 1365 urit
490 1337 589 1365 oves
614 1323 738 1373 aries,
764 1325 952 1379 sequitur
975 1340 1052 1368 sua
1075 1327 1233 1369 femina
1256 1342 1439 1370 cervum.

383 1379 443 1421 sic
467 1386 509 1420 et
531 1394 631 1421 aves
656 1388 826 1430 coeunt,
850 1381 1042 1435 interque
1066 1383 1262 1426 animalia
1286 1393 1437 1427 cuncta

382 1434 540 1477 femina
563 1435 745 1478 femineo
769 1444 962 1493 correpta
986 1439 1180 1494 cupidine
1204 1440 1320 1482 nulla
1343 1448 1418 1482 est.

292 1502 358 1534 735
383 1491 534 1533 vellem
557 1492 674 1533 nulla
696 1492 849 1535 forem!
885 1508 938 1536 ne
962 1498 1045 1535 'non
1069 1501 1210 1537 tamen
1234 1496 1374 1539 omnia
1398 1494 1526 1540 Crete

381 1555 569 1589 monstra
591 1547 716 1597 ferat,
739 1556 908 1591 taurum
931 1550 1076 1592 dilexit
1097 1551 1183 1593 filia
1208 1551 1337 1594 Solis:

381 1603 540 1645 femina
561 1619 713 1659 nempe
738 1620 909 1647 marem.
969 1622 1086 1649 meus
1111 1615 1175 1650 est
1197 1608 1394 1652 furiosior
1415 1609 1501 1660 illo,

382 1660 417 1701 si
440 1674 587 1702 verum
610 1661 868 1715 profitemur,
894 1677 1023 1705 amor.
1082 1670 1223 1706 tamen
1245 1664 1318 1707 illa
1342 1673 1485 1708 secuta
1507 1673 1572 1709 est

382 1731 501 1771 spem
525 1716 702 1759 Veneris
710 1734 721 1767 3
747 1725 887 1760 tamen
911 1718 983 1761 illa
1007 1719 1113 1762 dolis
1137 1727 1179 1762 et
1201 1721 1385 1777 imagine
1409 1736 1563 1764 vaccae

291 1783 357 1815 740
380 1787 506 1827 passa
528 1772 680 1815 bovem
704 1781 786 1815 est:
812 1781 853 1816 et
877 1782 983 1825 erat,
1008 1776 1080 1829 qui
1105 1776 1380 1833 deciperetur,
1405 1778 1581 1821 adulter.

379 1828 464 1870 huc
486 1827 583 1870 licet
607 1844 630 1871 e
654 1835 742 1871 toto
766 1831 950 1873 sollertia
973 1832 1155 1874 confluat
1179 1833 1294 1883 orbe,

379 1884 470 1939 ipse
493 1884 590 1927 licet
613 1886 772 1927 revolet
797 1887 946 1929 ceratis
969 1887 1187 1930 Daedalus
1212 1890 1307 1931 alis:

380 1940 481 1994 quid
504 1940 655 1982 faciet?
677 1957 779 1983 num
803 1957 870 1984 me
893 1957 1071 1998 puerum
1096 1944 1148 1987 de
1172 1945 1335 2001 virgine
1359 1946 1491 1989 doctis

381 1996 539 2037 artibus
563 1996 741 2039 efficiet?
776 2013 877 2040 num
900 2006 942 2041 te
966 2000 1165 2051 mutabit,
1188 2001 1365 2044 Ianthe?

290 2065 354 2095 745
380 2052 482 2107 quin
506 2052 691 2094 animum
715 2054 856 2096 firmas
880 2061 1005 2109 teque
1028 2057 1120 2112 ipsa
1143 2058 1369 2114 recolligis,
1394 2058 1505 2114 Iphi,

379 2108 625 2163 consiliique
649 2109 795 2166 inopes
821 2117 862 2153 et
886 2112 1034 2154 stultos
1059 2113 1218 2156 excutis
1242 2114 1388 2170 ignes?

379 2164 482 2218 quid
506 2165 562 2206 sis
585 2172 703 2215 nata,
729 2166 844 2217 vide,
868 2167 949 2209 nisi
973 2175 1014 2210 te
1039 2183 1207 2224 quoque
1231 2170 1388 2226 decipis
1411 2171 1561 2227 ipsam,

379 2228 420 2262 et
442 2228 537 2276 pete
563 2222 676 2276 quod
699 2222 764 2264 fas
789 2231 870 2273 est,
895 2231 936 2266 et
961 2240 1056 2266 ama
1080 2226 1194 2280 quod
1217 2226 1374 2269 femina
1397 2227 1538 2270 debes.

379 2291 474 2332 spes
498 2285 579 2327 est,
605 2292 713 2332 quae
737 2279 894 2334 capiat3
919 2295 1015 2336 spes
1040 2289 1121 2332 est,
1146 2296 1254 2336 quae
1277 2290 1423 2338 pascat
1446 2297 1646 2328 amorem.

288 2345 354 2377 750
378 2333 487 2375 hanc
510 2333 587 2374 tibi
611 2349 676 2376 res
702 2335 860 2377 adimit.
918 2351 1003 2378 non
1027 2344 1069 2380 te
1092 2339 1282 2381 custodia
1305 2354 1403 2381 caro

376 2395 490 2431 arcet
514 2390 568 2431 ab
592 2391 808 2446 amplexu,
833 2406 913 2434 nec
936 2393 1049 2435 cauti
1072 2407 1173 2436 cura
1195 2395 1346 2446 mariti,

375 2459 460 2486 non
482 2446 612 2500 patris
638 2447 857 2502 asperitas,
881 2463 965 2490 non
991 2464 1035 2492 se
1058 2457 1187 2506 negat
1208 2451 1302 2506 ipsa
1324 2452 1502 2508 roganti.

374 2515 454 2543 nec
478 2509 619 2544 tamen
643 2510 706 2545 est
729 2504 933 2559 potiunda
955 2505 1044 2547 tibi.
1103 2521 1200 2556 nec,
1224 2515 1272 2549 ut
1295 2508 1436 2550 omnia
1457 2507 1574 2560 fiant,

376 2572 467 2599 esse
491 2565 610 2612 potes
634 2559 754 2610 felix,
779 2567 827 2602 ut
849 2560 978 2615 dique
1001 2561 1276 2617 hominesque
1298 2563 1502 2606 laborent.

285 2626 349 2657 755
374 2627 487 2655 nunc
511 2628 679 2668 quoque
703 2622 896 2658 votorum
920 2618 1036 2659 nulla
1060 2625 1124 2660 est
1146 2634 1244 2674 pars
1268 2634 1378 2662 vana
1399 2635 1603 2672 meorum,

375 2669 501 2723 dique
525 2670 627 2711 mihi
651 2671 814 2722 faciles,
840 2673 1041 2728 quicquid
1065 2675 1252 2725 valuere,
1278 2676 1501 2719 dederunt:

374 2725 573 2779 quodque
597 2741 691 2782 ego,
715 2728 805 2769 vult
828 2729 1006 2784 genitor,
1030 2731 1121 2772 vult
1144 2731 1255 2786 ipsa,
1280 2746 1481 2787 socerque
1504 2733 1686 2777 futurus.

373 2788 417 2822 at
440 2795 524 2822 non
548 2782 639 2824 vult
662 2790 830 2835 natura,
854 2786 1064 2840 potentior
1087 2787 1281 2830 omnibus
1304 2788 1408 2839 istis,
