1786 3242
244 283 741 324 METAMORPHOSEON
762 285 862 322 LIB.
885 284 993 323 VIII.
1019 285 1214 322 186—273.
1341 275 1421 320 131

78 349 316 418 5W,'J‘⁶···tur
337 379 470 422 aqua:
493 379 605 422 quae
627 381 784 411 nomen
808 367 936 410 traxit
960 367 1015 410 ab
1038 366 1124 410 illo.
1449 379 1516 413 230

13 460 15 463 .
89 429 236 485 μία·
256 421 424 472 infelix,
448 437 528 467 nec
550 423 637 467 iam
659 431 793 481 pater,
819 424 988 475 ‘Icare,’
1013 424 1133 475 dixit,

11 481 14 494 ³
92 483 126 490 ”
176 503 182 517 ι
203 478 217 499 ’
239 478 347 523 dixit
369 479 464 522 ‘ubi
487 479 559 523 es?
582 494 668 536 qua
691 487 734 524 te
757 480 932 538 regione
956 480 1214 536 requiram?

68 545 98 591 ἪΓ
139 555 144 564 ··
175 535 207 573 -’
230 535 420 580 dicebat:
444 551 607 593 pennas
630 537 796 594 aspexit
819 538 864 580 in
887 537 1032 588 undis3

99 591 122 605 ’“
184 591 199 605 ⁶
228 607 304 637 ·ue
325 607 426 636 suas
449 600 583 645 artes,
607 608 847 661 corpusque
872 593 1066 650 sepulcro

63 680 102 705 κζ,
202 649 214 660 “
305 656 350 692 et
377 649 503 693 tellus
527 665 554 693 a
575 664 747 694 nomme
772 651 886 693 dicta
910 651 1077 707 sepulti.
1447 664 1513 698 235

0 736 1 739 ¹
68 726 76 751 τ
98 702 235 754 ¹Hune
257 705 400 749 miseri
422 705 586 749 tumulo
610 713 839 773 ponentem
863 721 1040 764 corpora
1062 706 1152 750 nati
1371 719 1512 754 Perdet.

117 791 124 800 „
157 784 163 798 ι
199 784 203 798 1
237 776 407 806 ramosa
428 770 647 820 prospexit
670 763 725 806 ab
748 763 844 807 ilice
866 764 1030 820 perdix,

72 818 145 874 J'122
195 840 201 855 ·
221 818 248 856 ÷
249 825 268 862 t
289 818 440 876 pennis
464 826 702 875 testataque
725 820 886 877 gaudia
910 828 1038 863 cantu
1063 827 1146 864 est:

68 881 86 930 J
194 882 297 920 tuno
318 875 503 919 volucris
525 891 605 920 nec
627 876 720 919 visa
743 876 954 934 prioribus
978 878 1113 929 annis,

102 959 105 963 ·
127 957 136 968 ›
168 946 243 977 ue
264 947 402 990 nuper
423 932 534 976 avis:
557 933 736 991 longum
760 933 856 985 tibi,
882 933 1094 984 Daedale,
1119 933 1293 978 crimen.
1446 949 1514 982 240

19 1031 21 1033 .
98 1003 228 1046 mque
251 988 351 1032 huic
373 989 622 1040 tradiderat,
646 990 831 1034 fatorum
854 991 1024 1047 ignara,
1049 991 1287 1035 docendam

14 1053 16 1089 ζ
92 1070 112 1083 ¹
131 1068 142 1098 2
163 1061 292 1090 :niem
313 1061 519 1104 germana
542 1062 683 1097 suam,
707 1047 921 1090 natalibus
946 1048 1050 1090 actis

32 1131 33 1134 =
131 1116 312 1162 puerum
336 1103 468 1154 senis,
493 1103 623 1146 animi
647 1103 702 1146 ad
725 1111 953 1161 praecepta
977 1105 1159 1162 capacis.

12 1155 34 1215 ’μ
58 1181 108 1208 m>-
136 1159 264 1204 otiam
286 1159 428 1203 medio
452 1160 595 1217 spinas
618 1161 663 1203 in
685 1161 801 1217 pisce
829 1168 996 1204 notatas

22 1223 24 1229 ’
107 1239 117 1253 =
131 1215 172 1260 ‘t
192 1216 239 1260 in
261 1217 525 1274 exemplum,
549 1216 748 1273 ferroque
772 1218 920 1261 incidit
944 1225 1068 1262 acuto
1445 1234 1511 1268 245

99 1297 101 1310 ι
132 1294 139 1311 ι
159 1294 163 1299 ’
204 1286 271 1317 os
294 1273 463 1324 dentes,
488 1282 531 1317 et
554 1289 695 1318 serrae
717 1275 905 1332 repperit
927 1291 1067 1318 usum.

3 1337 36 1384 ,ἶ
55 1335 61 1340 ”
85 1329 203 1374 :usn
226 1337 269 1374 et
291 1345 344 1374 ex
367 1345 454 1373 uno
478 1331 564 1373 duo
587 1331 726 1374 ferrea
750 1332 948 1375 bracchia
972 1332 1085 1375 nodo

0 1384 5 1438 ᾗ
145 1386 158 1398 ⁶
184 1417 197 1438 ,
220 1394 269 1430 ut
292 1387 460 1443 aequali
484 1388 620 1444 spatio
644 1389 899 1431 distantibus
923 1389 1005 1432 illis

0 1452 1 1463 ¹
24 1440 67 1494 ,ζ’
100 1458 295 1544 eraupars
319 1451 468 1496 staret,
492 1459 590 1501 pars
615 1445 749 1488 altera
772 1445 945 1489 duceret
970 1446 1130 1490 orbem.

125 1500 168 1544 d
209 1515 262 1543 us
283 1500 437 1544 invidit
459 1515 663 1557 sacraque
688 1517 742 1545 ex
766 1517 862 1545 arce
886 1503 1110 1546 Minervae
1443 1519 1511 1552 250

10 1554 14 1566 ¹
63 1570 66 1572 ’
102 1589 105 1593 ¹
128 1578 140 1594 ι
169 1557 180 1568 ’
211 1557 314 1601 item
336 1557 470 1608 misit,
493 1559 662 1615 lapsum
685 1560 900 1602 mentitus.
960 1566 1002 1602 at
1025 1560 1160 1611 illum,

7 1580 12 1646 l
136 1635 146 1651 ·-
172 1572 291 1658 {givet
310 1614 512 1672 ingeniis,
536 1615 702 1672 excepit
725 1615 890 1667 Pallas,
915 1631 1124 1673 avemque

7 1651 29 1751 Π
64 1678 81 1704 Ἃ
98 1670 224 1714 didit
246 1677 288 1714 et
310 1671 452 1714 medio
475 1671 632 1715 velavit
654 1673 698 1714 in
723 1676 820 1716 ae're
844 1673 1008 1729 pennis,

8 1743 26 1780 gf*
71 1729 105 1780 ᾗ·
138 1728 263 1784 vigor
282 1727 446 1785 ingenii
469 1728 686 1784 quondam
709 1730 865 1773 velocis
889 1730 934 1772 in
959 1731 1048 1773 alas

8 1779 21 1818 '¹
71 1809 73 1812 ·
96 1798 169 1828 ·ue
190 1784 323 1843 pedes
347 1784 469 1836 abiit;
493 1799 649 1828 nomen
673 1786 789 1841 quod
813 1794 855 1829 et
878 1794 995 1837 ante,
1019 1787 1235 1831 remansit.
1441 1804 1507 1837 255

15 1894 20 1902 .
64 1863 114 1888 ¹==·
148 1848 292 1885 tamen
313 1840 421 1885 haec
444 1842 528 1885 alte
552 1842 736 1886 volucris
761 1858 840 1885 sua
863 1858 1040 1900 corpora
1063 1844 1185 1896 tollit,

60 1907 90 1933 Α
105 1919 114 1935 ι
141 1897 245 1942 facit
266 1897 312 1940 in
334 1898 464 1941 ramis
489 1899 659 1955 altoque
684 1900 905 1943 cacumine
928 1901 1070 1943 nidos:

23 1966 41 2014 ζ
71 1966 73 1968 ·
101 1964 148 1993 ιοΙΠ
163 1969 211 1998 er
231 1954 410 1998 humum
433 1955 582 1999 volitat
604 1956 808 2013 ponitque
831 1957 877 2000 in
900 1957 1100 2014 saepibus
1123 1972 1218 2011 ova,

2 2025 3 2052 ι
80 2036 84 2046 1
109 2011 286 2068 ¹¹unique
308 2026 473 2055 memor
493 2013 645 2056 metuit
668 2013 868 2057 sublimia
891 2029 1028 2057 casus.
1439 2032 1505 2065 259

95 2067 274 2124 Iamque
295 2068 521 2126 fatigatum
546 2070 671 2114 tellus
694 2071 892 2114 Aetnaea
914 2072 1088 2115 tenebat
1207 2073 1506 2128 Meleayergaper

12 2146 13 2150 ¹
38 2137 72 2183 ζῆ
123 2144 155 2162 ··
175 2146 179 2161 ι
207 2139 277 2177 οιι,
301 2133 344 2169 et
363 2127 542 2193 sumptis
560 2142 638 2184 pro
658 2128 849 2184 supplice
873 2127 1057 2172 Cocalus
1077 2129 1205 2173 armis
1249 2119 1469 2165 Calydomus.

31 2221 34 2223 .
59 2230 79 2234 ⁵
111 2203 145 2219 ·»
173 2181 432 2226 habebatur:
455 2199 541 2226 lam
564 2185 836 2228 lamentabile
859 2185 1058 2230 Athenae

16 2243 17 2247 ’
55 2241 84 2297 [j
106 2253 223 2283 mere
246 2239 458 2283 desierant
480 2240 650 2284 Thesea
673 2242 799 2285 laude
824 2242 1050 2285 tributum:

12 2295 37 2351 'j
66 2306 69 2308 ’
95 2295 197 2353 ·pla
219 2305 494 2348 coronantur,
518 2297 864 2354 bellatricemque
888 2300 1131 2343 Minervam

28 2400 30 2402 ,
67 2372 124 2398 m·
157 2352 262 2397 Iove
285 2353 435 2410 disque
458 2362 614 2398 vocant
636 2356 748 2406 aliis,
773 2371 879 2412 quos
903 2357 1110 2413 sanguine
1133 2364 1232 2401 voto
1436 2373 1502 2406 265

28 2409 368 2466 'moribusque
392 2411 501 2454 datis
525 2418 567 2455 et
589 2413 744 2455 acerris
768 2414 872 2455 turis
897 2413 1117 2457 honorant.

143 2488 183 2503 »ιι
211 2474 247 2510 t
269 2467 496 2525 Argolicas
521 2477 677 2512 nomen
700 2484 812 2526 vaga
835 2470 951 2513 fama
972 2486 1049 2527 per
1071 2471 1200 2515 urbes

16 2538 19 2541 “
116 2544 143 2560 ιλ.
161 2538 238 2567 ηε.
297 2532 339 2568 et
361 2525 528 2582 populi,
552 2539 659 2581 quos
684 2526 802 2569 dives
826 2528 994 2570 Achaia
1018 2529 1144 2585 cepit,

15 2594 37 2636 ³„
64 2601 81 2637 '.·
111 2600 127 2640 y
148 2613 154 2618 -
183 2594 308 2638 opem
331 2582 498 2638 magnis
520 2582 801 2639 imploravere
825 2584 1006 2640 periclis.

17 2640 21 2647 ’
106 2656 126 2673 ··
146 2670 153 2675 ,
182 2651 308 2696 opem
333 2637 550 2696 Calydon,
575 2641 770 2695 quamvis
793 2641 1046 2699 Meleagron
1070 2641 1259 2694 haberet,
1434 2659 1500 2692 270

37 2692 125 2743 '41¹
127 2693 212 2738 cita
233 2709 314 2752 sup
345 2696 414 2739 lex
437 2696 560 2753 petiit
612 2711 720 2740 rece.
780 2712 909 2741 eausa
962 2700 1104 2743 etendi

18 2799 21 2802 ,
83 2773 98 2786 ·-
128 2758 238 2803 erat,
261 2710 442 2797 infestae
465 2712 652 2797 famulus
676 2754 918 2812 vindexque
930 2714 1124 2801 fibianae.

88 2822 183 2852 mea
203 2823 390 2866 namque
413 2810 556 2855 ferunt
579 2811 714 2869 plenis
741 2813 1005 2857 successibus
1030 2814 1130 2858 anni

1130 2882 1174 2918 9ο

31 2056 76 2070 -v··(

35 2093 38 2100 ¹
52 2090 72 2112 ‘⁴³
