1786 3242
331 271 827 310 METAMORPHOSEON
849 272 947 309 LIB.
972 271 1061 308 XII.
1087 271 1260 308 42—129.
1403 261 1485 304 201

46 394 50 402 .
110 359 231 409 ‘nate
254 354 336 398 dea
357 353 478 410 (nam
501 362 543 398 te
567 354 684 397 fama
706 353 1059 411 praenovimus)',
1082 352 1220 408 inquit

43 418 50 455 -ζ
110 412 182 456 ille
205 411 330 468 ‘quid
353 427 380 454 a
401 411 525 454 nobis
549 412 704 454 vulnus
729 411 894 454 miraris
918 410 1111 454 abesse?'
1135 433 1192 440 —

42 517 46 523 ⁸
110 467 346 513 mirabatur
368 468 482 512 enim
504 491 563 498 —
587 472 692 510 ‘non
715 467 841 518 haec,
865 482 994 523 quam
1019 467 1176 517 cernis,
1201 465 1366 522 equinis

110 524 232 569 fulva
253 524 366 568 iubis
390 524 540 574 cassis,
563 539 702 580 neque
726 539 834 567 onus
858 539 964 566 cava
987 538 1135 580 parma
1158 523 1351 566 sinistrae

111 581 270 625 auxilio
292 581 398 624 mihi
421 588 538 632 sunt3
561 581 689 625 decor
712 587 777 624 est
799 580 1016 636 quaesitus
1041 580 1096 623 ab
1119 580 1224 623 istis.
1513 594 1559 626 90

109 637 234 682 Mars
257 652 428 705 quoque
451 638 508 680 ob
531 638 612 680 hoc
635 652 787 694 capere
811 653 929 680 arma
952 637 1072 680 solet.
1108 636 1396 681 removebitur
1419 636 1545 679 huius

42 698 46 699 ⁷
110 694 309 752 tegmims
333 694 542 738 officium:
567 702 710 737 tamen
733 694 1003 737 indestrictus
1027 694 1167 736 abibo.

109 760 176 796 est
198 751 378 807 aliquid,
401 766 488 794 non
512 766 604 794 esse
628 758 767 793 satum
790 750 993 800 Nereide,
1018 751 1092 793 sed
1117 751 1191 805 qui

109 807 336 864 Nereaque
359 815 403 852 et
424 815 547 851 natas
571 814 614 851 et
635 815 774 850 totum
797 814 1006 863 temperet
1030 807 1214 862 aequor!

38 883 39 888 ¹
110 864 236 916 dixit,
260 872 303 908 et
326 863 555 908 haesurum
579 863 703 920 clipei
728 863 972 906 curvamine
996 863 1128 906 telum
1515 877 1559 909 95

108 921 225 965 misit
245 921 291 964 in
313 921 548 972 Aeaciden,
573 921 689 976 quod
713 928 756 963 et
779 935 851 963 aes
875 927 917 963 et
941 920 1135 976 proxima
1158 921 1272 977 rupit

108 985 231 1036 terga
252 992 421 1022 novena
443 978 595 1028 boum,
619 977 783 1021 decimo
807 985 950 1020 tamen
975 977 1078 1019 orbe
1102 986 1313 1020 moratum
1337 986 1412 1020 est.

110 1034 272 1079 excutit
293 1034 375 1078 hoc
397 1035 523 1078 heros
546 1048 778 1089 rursusque
801 1034 1024 1076 trementia
1046 1033 1145 1076 forti

108 1092 195 1135 tela
216 1107 348 1135 manu
371 1091 510 1134 torsit:
534 1106 681 1134 rursus
705 1091 796 1134 sine
820 1091 995 1134 vulnere
1021 1105 1174 1147 corpus

108 1149 406 1204 sincerumque
427 1147 523 1191 fuit.
581 1162 662 1191 nec
685 1147 810 1191 tertia
833 1147 975 1204 cuspis
999 1156 1195 1203 apertum
1516 1161 1586 1193 100

30 1210 31 1214 ’
109 1212 152 1248 et
174 1219 222 1248 se
243 1205 521 1262 praebentem
543 1205 678 1248 valuit
701 1204 965 1261 destringere
990 1203 1201 1260 Cycnum.

107 1261 226 1320 haud
248 1276 372 1306 secus
396 1261 573 1313 exarsit,
598 1276 730 1317 quam
752 1261 865 1304 circo
889 1270 1036 1304 taurus
1061 1270 1221 1317 aperto,

108 1333 209 1362 cum
232 1333 312 1362 sua
333 1318 510 1362 terribili
532 1319 640 1376 petit
662 1318 897 1361 irritamina
920 1333 1066 1369 cornu,

26 1402 52 1418 1·
99 1375 346 1419 Poeniceas
369 1383 528 1425 vestes,
553 1376 756 1431 elusaque
779 1376 957 1418 vulnera
981 1374 1119 1418 sentit.

107 1447 212 1475 num
236 1439 379 1476 tamen
403 1432 606 1476 exciderit
629 1432 809 1483 sermm,
834 1432 1092 1482 considerat,
1116 1431 1283 1474 hastae:
1518 1445 1585 1477 105

6 1492 33 1559 ξι
108 1489 314 1533 haerebat
334 1489 466 1556 ligno.
525 1493 697 1532 ‘manus
723 1497 787 1532 est
811 1504 907 1532 mea
931 1488 1082 1531 debilis
1107 1503 1224 1544 ergo,

108 1545 322 1602 quasque’
348 1554 407 1589 ait
431 1550 549 1589 ‘ante
572 1546 723 1588 habuit
746 1546 877 1596 vires,
902 1545 1053 1589 effudit
1075 1545 1120 1587 in
1143 1544 1255 1587 uno?

6 1594 27 1636 ’ἕ
107 1618 210 1646 nam
234 1610 348 1647 certe
370 1603 523 1653 valuit,
548 1603 616 1646 vel
640 1617 737 1645 cum
762 1602 974 1659 Lyrnesia
996 1602 1159 1658 primus

0 1661 8 1696 ἶ’
109 1660 280 1703 moenia
303 1659 457 1711 deieci,
480 1660 549 1703 vel
573 1674 671 1702 cum
695 1659 986 1714 Tenedonque
1012 1673 1175 1713 suoque

109 1716 340 1760 Eetioneas
362 1717 537 1773 implevi
561 1716 769 1772 sanguine
793 1716 980 1765 Thebas,
1519 1729 1588 1762 11o

7 1780 29 1827 ξ
55 1809 58 1812 ,
109 1774 178 1817 vel
203 1788 302 1816 cum
323 1788 564 1830 purpureus
588 1773 784 1830 populari
808 1773 938 1816 caede
964 1771 1122 1815 Caicus

108 1830 252 1882 fluxit,
275 1844 470 1887 opusque
492 1845 613 1873 meae
638 1830 703 1872 bis
729 1830 860 1873 sensit
883 1829 1100 1895 Telephus
1126 1828 1285 1871 hastae.

14 1894 22 1901 “
109 1886 181 1931 hic
203 1901 375 1943 quoque
398 1894 462 1930 tot
485 1887 639 1937 caesis,
665 1901 846 1942 quorum
872 1901 948 1942 per
970 1886 1071 1928 htus
1096 1900 1271 1928 acervos

110 1950 154 1988 et
176 1943 261 1987 feci
285 1951 327 1987 et
350 1943 494 1995 video,
518 1944 651 1987 valuit
674 1959 772 1987 mea
796 1943 945 1986 dextra
968 1943 1193 1998 valetque.⁹

111 2000 219 2044 dixit
241 2007 302 2051 et,
326 2007 426 2044 ante
449 2000 554 2044 actis
576 2000 709 2043 veluti
732 2001 843 2043 male
868 2000 1076 2050 crederet,
1100 1999 1267 2042 hastam
1519 2014 1587 2045 115

111 2058 226 2101 misit
247 2057 294 2101 in
317 2057 544 2102 adversum
566 2057 706 2113 Lycia
730 2057 783 2100 de
806 2057 932 2114 plebe
956 2057 1188 2100 Menoeten

110 2115 371 2170 loricamque
395 2115 518 2157 simul
544 2115 818 2169 subiectaque
842 2121 1015 2170 pectora
1036 2113 1164 2169 rupit.

111 2185 197 2227 quo
219 2171 264 2228 pl
353 2178 450 2215 ente
526 2186 649 2214 avem
672 2170 925 2213 moribundo
950 2170 1108 2213 vertice
1132 2178 1301 2220 terram,

113 2227 297 2272 extrahit
365 2228 427 2271 ud
449 2228 462 2270 i
495 2243 563 2271 em
587 2227 724 2270 calido
750 2227 803 2270 de
828 2228 1003 2270 vulnere
1026 2227 1159 2270 telum

113 2292 242 2341 atque
257 2285 336 2328 ait=
362 2285 487 2328 ‘haec
499 2300 652 2327 manus
665 2292 742 2334 est,
760 2284 880 2335 haec,
900 2298 986 2339 qua
1002 2284 1131 2327 modo
1144 2283 1336 2333 vicimus,
1355 2283 1490 2326 hasta.
1520 2297 1589 2329 120

111 2349 209 2385 utar
231 2341 276 2384 in
299 2341 381 2384 hoc
403 2341 558 2385 isdem:
583 2341 638 2384 sit
662 2341 707 2383 in
730 2341 830 2391 hoc,
854 2355 1025 2397 precor,
1050 2340 1189 2384 exitus
1213 2339 1353 2384 idem.'

112 2398 174 2465 sic
196 2397 311 2441 fatus
335 2397 618 2455 Cycnumque
641 2398 765 2455 petit,
788 2412 868 2440 nec
892 2397 1085 2440 fraxinus
1109 2404 1235 2448 errat,

111 2470 156 2497 m
187 2470 243 2498 ue
265 2470 414 2498 umero
438 2456 579 2498 sonuit
602 2469 688 2497 non
713 2454 870 2498 evitata
893 2454 1080 2497 sinistro:

112 2511 157 2554 in
189 2526 212 2555 e
236 2511 354 2555 velut
377 2526 500 2554 muro
524 2512 743 2566 solidaque
767 2527 793 2554 a
816 2518 940 2554 caute
963 2511 1134 2567 repulsa
1157 2518 1232 2554 est.

113 2582 200 2624 qua
223 2576 367 2611 tamen
389 2568 500 2611 ictus
524 2576 632 2619 erat,
658 2568 873 2624 signatum
897 2567 1103 2611 sancruine
1129 2566 1327 2624 Cycnum
1519 2580 1588 2612 125

113 2625 278 2669 viderat
302 2633 344 2668 et
366 2625 525 2668 frustra
547 2625 685 2668 fuerat
711 2625 883 2681 gavisus
907 2604 1119 2667 Achilles:

113 2683 269 2725 vulnus
294 2690 384 2725 erat
407 2682 591 2732 nullum3
618 2681 792 2738 sanguis
817 2688 908 2724 erat
930 2676 1266 2724 ille‘Menoetae.

112 2747 205 2781 tum
229 2753 331 2782 vero
355 2753 559 2796 praeceps
583 2753 710 2781 curru
733 2738 1039 2781 fremebundus
1063 2738 1118 2781 ab
1143 2738 1228 2781 alto

114 2795 274 2848 desilit,
299 2802 342 2840 et
364 2795 499 2839 nitido
525 2809 721 2839 securum
746 2795 981 2838 comminus
1005 2795 1172 2839 hostem
