1786 3242
323 255 819 294 METAMORPHOSEON
841 255 940 292 LIB.
964 255 1014 292 X.
1039 256 1234 293 267—354.
1386 248 1468 291 171

93 338 110 382 i
207 344 339 394 negat
360 337 556 381 nocuisse
580 337 657 380 tibi
679 352 759 380 sua
781 337 867 381 tela
890 336 1075 394 Cupido,

35 403 43 435 ,ξ
94 353 296 452 fflba,
318 393 521 449 facesque
546 410 645 437 suas
670 410 696 437 a
719 394 894 438 crimine
917 395 1104 437 vindicat
1126 394 1222 438 isto.

94 451 236 508 stipite
259 458 302 495 te
327 449 482 508 Stygio
505 451 762 506 tumidisque
785 451 959 494 adflavit
982 451 1189 494 Echidnis

93 523 120 552 e
142 507 388 552 tribus‘una
411 522 542 550 soror.
601 508 740 551 scelus
763 515 828 551 est
851 508 990 551 odisse
1014 515 1252 564 parentem:

42 587 43 590 =
94 563 165 608 hic
187 578 306 607 amor
329 571 392 608 est
414 564 513 607 odio
537 564 674 607 maius
698 564 848 608 scelus.
907 565 1095 620 undique
1118 564 1217 608 lecti
1494 579 1562 613 815

91 628 137 664 te
159 620 336 678 cupiunt
358 635 574 677 proceres,
598 629 773 676 totoque
797 622 957 664 oriente
980 622 1156 664 iuventa

92 677 150 721 ad
173 677 348 720 thalami
372 685 586 720 certamen
609 677 743 720 adest.
801 693 856 721 ex
879 678 1077 720 omnibus
1100 693 1234 720 unum

38 775 41 779 .
92 734 224 791 elige,
246 733 447 789 Myrrha,
471 733 628 777 viruml
653 734 755 776 dum
779 749 834 777 ne
857 734 911 777 sit
934 734 978 776 in
1002 734 1198 777 omnibus
1221 749 1346 778 unus.

92 789 166 834 illa
188 789 363 846 quidem
385 791 512 834 sentit
533 790 745 845 foedoque
768 805 872 847 repu
936 798 980 833 at
1003 791 1137 833 amori

91 854 137 890 et
159 861 306 890 secum
329 851 448 902 “quo
470 854 612 891 mente
636 847 775 890 feror?
798 847 871 902 qui
924 847 1135 889 molior?”
1160 847 1318 903 inquit:
1493 862 1563 895 320

31 938 35 947 .
90 902 190 955 “di,
212 917 375 960 precor,
399 911 442 946 et
464 904 600 960 pietas
624 910 875 958 sacrataque
898 904 993 946 iura
1015 911 1251 960 parentum,

6 1004 8 1011 ,
92 959 175 1004 hoc
197 959 419 1017 prohibete
442 960 564 1004 nefas
588 960 821 1016 scelerique
845 960 1026 1003 resistite
1049 967 1213 1003 nostro:

1 1019 8 1030 '⁷
38 1035 39 1038 ¹
88 1016 129 1060 si
151 1025 295 1060 tamen
319 1017 400 1060 hoc
423 1017 560 1061 scelus
584 1025 661 1060 est.
720 1017 796 1060 sed
820 1018 933 1060 enim
957 1017 1159 1060 damnare
1182 1025 1366 1074 negatur

91 1073 202 1117 hanc
225 1073 440 1118 Venerem
462 1074 616 1130 pietas:
642 1082 881 1130 coeuntque
906 1074 1104 1116 animalia
1127 1074 1244 1117 nullo

2 1146 12 1161 ⁵
28 1128 38 1178 's
88 1138 234 1174 cetera
256 1130 443 1180 delectu,
466 1145 547 1174 nec
569 1130 750 1174 habetur
773 1138 896 1187 turpe
919 1131 1124 1174 iuvencae
1492 1144 1559 1177 325

5 1150 36 1241 ’ἒ
89 1187 202 1230 ferre
225 1194 390 1243 patrem
413 1195 553 1244 tergo,
577 1187 626 1230 fit
649 1202 759 1243 equo
784 1203 862 1231 sua
885 1187 972 1230 filia
996 1188 1181 1230 coniunx
1188 1204 1200 1238 ;

11 1243 34 1281 ³12
87 1257 283 1299 quasque
305 1243 483 1294 creavit,
506 1243 585 1286 init
607 1245 792 1300 pecudes
818 1260 945 1301 caper
953 1261 964 1294 ;
988 1245 1182 1300 ipsaque,
1208 1244 1328 1288 cuius

1 1299 22 1340 ,7
90 1299 251 1344 semine
273 1308 479 1357 concepta
502 1308 585 1351 est,
610 1316 663 1344 ex
686 1301 758 1343 illo
784 1301 967 1357 concipit
991 1302 1092 1344 ales.

88 1357 255 1407 felices,
277 1357 434 1412 quibus
458 1357 541 1400 ista
562 1357 709 1401 licent!
745 1358 933 1400 humana
957 1358 1165 1413 malignas

15 1416 36 1470 4³³
89 1427 193 1457 cura
216 1413 334 1458 dedit
355 1414 495 1470 leges,
520 1421 563 1458 et
585 1414 700 1469 quod
736 1422 888 1457 natura
911 1414 1099 1464 remittit,
1492 1428 1561 1461 830

87 1470 235 1514 invida
256 1470 352 1513 iura
373 1478 546 1527 negant.
604 1479 754 1527 gentes
778 1478 921 1514 tamen
946 1486 1037 1514 esse
1061 1471 1270 1522 feruntur,
1324 1484 1332 1489 ‘

19 1526 33 1548 ·'
88 1527 134 1570 in
156 1527 314 1583 quibus
338 1535 382 1571 et
402 1534 504 1570 nato
527 1528 736 1584 genetrix,
761 1535 803 1571 et
825 1535 926 1571 nata
949 1528 1114 1584 parenti

87 1583 293 1641 iungitur,
315 1591 365 1627 ut
387 1583 524 1640 pietas
547 1585 763 1641 geminato
788 1591 950 1628 crescat
974 1599 1130 1628 amore.

68 1636 158 1684 'me
179 1641 398 1691 miseram,
423 1640 540 1696 quod
563 1655 648 1684 non
671 1641 789 1684 nasci
812 1641 916 1683 mihi
941 1641 1118 1697 contigit
1141 1640 1240 1692 illic,

14 1721 38 1752 rr
86 1697 344 1753 fortunaque
366 1697 450 1740 loci
471 1697 636 1740 laedorl
672 1698 775 1753 quid
798 1698 842 1740 in
866 1698 947 1741 ista
969 1698 1189 1741 revolvor?
1490 1712 1559 1745 535

17 1764 33 1774 '‘
87 1769 108 1797 s
208 1753 478 1806 interdictae,
502 1754 725 1798 discedite!
763 1754 918 1821 dignus
943 1755 1077 1797 amari

16 1819 30 1866 ³52
87 1810 102 1852 i
133 1825 178 1862 e,
202 1810 279 1854 sed
302 1818 351 1854 ut
404 1818 508 1862 ater,
532 1818 608 1854 est.
668 1826 770 1866 ergo
795 1826 831 1853 ει
853 1811 941 1853 filia
963 1811 1110 1868 magni

86 1881 175 1910 non
197 1882 336 1911 essem
401 1867 567 1924 inyrae,
593 1866 780 1924 Cinyrae
804 1868 1085 1911 concumbere
1108 1882 1291 1924 possem.

16 1927 18 1930 ’
86 1938 202 1968 nunc
224 1924 327 1980 quia
348 1931 438 1967 tam
461 1939 583 1968 meus
607 1934 690 1975 est,
714 1939 801 1967 non
824 1932 889 1968 est
912 1940 1052 1975 meus,
1076 1925 1256 1981 ipsaque
1280 1924 1437 1969 damno

85 1987 154 2024 est
175 1980 280 2023 mihi
302 1981 569 2037 proximitas:
594 1982 732 2025 aliena
755 1982 966 2038 potentior
989 1997 1140 2024 essem.
1488 1996 1557 2029 840

86 2037 148 2081 ire
170 2037 276 2081 libet
298 2038 448 2094 procul
470 2037 570 2081 hinc
592 2038 840 2094 patriaeque
863 2038 1102 2093 relinquere
1125 2038 1245 2089 fines,

85 2093 192 2137 dum
214 2094 354 2138 scelus
378 2094 596 2151 effugiam.
654 2096 807 2138 retinet
830 2096 968 2138 malus
993 2095 1119 2138 ardor
1142 2102 1376 2139 amantem:

86 2158 136 2194 ut
157 2165 359 2208 praesens
383 2158 571 2208 spectem
596 2149 802 2208 Cinyram
826 2160 1085 2208 tangamque
1108 2152 1343 2208 loquarque

85 2207 318 2263 osculaque
341 2207 613 2259 admoveam,
637 2209 673 2251 si
696 2209 757 2251 nil
781 2209 1027 2252 conceditur
1050 2209 1174 2251 ultra.

85 2263 198 2308 ultra
221 2271 365 2308 autem
389 2272 613 2321 expectare
637 2265 798 2321 aliquid
820 2273 959 2321 potes,
983 2265 1115 2321 impia
1138 2265 1202 2307 vir
1234 2280 1273 2316 o,
1489 2280 1557 2312 345

85 2335 186 2372 nec,
209 2328 315 2376 quot
338 2321 574 2364 confundas
599 2329 641 2364 et
664 2322 759 2364 iura
782 2320 825 2365 et
848 2322 1039 2373 nomina,
1065 2322 1195 2365 sentis

2 2398 26 2422 x
86 2385 189 2420 tune
212 2377 295 2421 eris
319 2385 363 2422 et
385 2378 532 2421 matris
555 2379 708 2434 paelex
732 2386 774 2421 et
798 2379 990 2422 adultera
1004 2379 1171 2478 ¹patris?

85 2441 191 2478 tune
214 2448 333 2477 soror
355 2434 444 2477 nati
467 2435 747 2491 genetrixque
771 2435 980 2478 vocabere
1045 2435 1173 2478 atris?

85 2505 166 2534 nec
189 2498 354 2535 metues
377 2498 469 2534 atro
493 2491 664 2534 crinitas
688 2507 828 2548 angue
853 2506 1032 2542 sorores,

2 2580 4 2585 .
85 2561 192 2602 quas
215 2547 383 2590 facibus
407 2548 545 2591 saevis
568 2548 714 2591 oculos
739 2556 867 2603 atque
891 2563 966 2592 ora
989 2556 1181 2605 petentes
1489 2563 1558 2596 850

20 2610 21 2613 ’
85 2603 214 2647 noxia
237 2604 367 2647 corda
390 2604 560 2647 vident?
595 2612 638 2648 at
662 2613 728 2655 tu,
752 2605 855 2648 dum
879 2619 1054 2661 corpore
1077 2620 1164 2648 non
1187 2620 1233 2649 es

2 2711 6 2718 Ι
86 2675 214 2717 passa
235 2660 377 2711 nefas,
401 2661 543 2704 animo
566 2676 621 2705 ne
644 2662 839 2718 concipe,
863 2677 970 2705 neve
994 2662 1177 2718 potentis

20 2736 33 2773 ‚J
86 2717 317 2760 concubitu
339 2717 470 2761 vetito
493 2725 670 2762 naturae
694 2719 836 2775 pollue
860 2719 1025 2761 foedus.

3 2814 24 2820 ,γ
87 2773 195 2818 velle
217 2781 340 2832 puta:
364 2789 432 2820 res
455 2774 550 2832 ipsa
574 2782 701 2819 vetat.
760 2775 856 2832 pius
881 2776 971 2827 ille,
996 2790 1243 2832 memorque
