1786 3242
287 275 782 315 METAMORPHOSEON
804 276 902 312 LIB.
927 276 997 313 XI.
1021 276 1216 313 492—579.
1357 266 1438 310 193

134 372 191 402 ue
213 357 307 401 aliis
329 372 519 410 murum,
543 358 774 415 trepidare,
798 357 1039 401 tenentibus
1061 358 1190 401 intus.

146 414 207 459 cit
227 429 316 466 ars,
340 414 556 470 animique
581 414 750 459 cadunt.
810 414 1071 470 totidemque
1095 415 1305 465 videntur,

37 478 168 530 ‚quot
191 471 362 515 veniant
384 471 557 522 fluctus,
580 486 704 515 ruere
727 477 856 527 atque
879 471 1112 529 irrumpere
1134 479 1304 515 mortes.

61 542 150 573 non
171 534 289 572 tenet
310 527 380 572 hic
402 528 599 572 lacrimas
606 544 618 580 3
643 535 786 585 stupet
808 527 879 571 hic
886 544 898 579 3
924 535 1048 571 vocat
1070 528 1140 572 ille
1164 529 1327 579 beatos,

35 591 39 626 3
59 584 215 629 funera
236 598 344 641 quos
369 592 588 636 maneant3
612 585 682 628 hic
705 584 816 627 votis
839 600 998 627 numen
1022 585 1184 636 adorat,

34 657 37 663 ¹
62 640 345 698 bracchiaque
369 641 425 684 ad
449 642 628 692 caelum,
651 641 768 696 quod
791 656 877 684 non
900 642 1036 692 videt,
1060 641 1179 684 irrita
1202 642 1352 685 tollens

43 720 45 723 ·
166 697 198 741 ’t
219 712 366 755 opem3
391 698 577 742 subeunt
597 698 659 741 illi
682 698 897 753 fraterque
920 712 1174 754 parensque,

55 712 162 799 'finio
184 769 283 798 cum
337 754 557 812 ignoribus
582 755 747 805 domus,
771 761 814 798 et
837 754 952 809 quod
976 755 1130 810 cuique
1153 754 1348 798 relictum
1372 764 1448 800 est.

36 835 38 838 >
61 810 259 869 Alcyone
324 827 348 855 e
379 827 431 855 ca
453 818 615 854 movet:
641 809 797 867 Ceycis
820 810 864 853 in
888 825 961 854 ore

41 867 180 922 ,nulla
201 867 284 911 nisi
368 882 503 926 cyone
526 875 591 911 est
597 884 610 920 3
635 875 678 911 et
701 882 800 910 eum
824 868 1034 911 desideret
1058 883 1202 919 unam,

56 924 221 983 gaudet
243 924 394 969 abesse
417 932 574 968 tamen.
632 924 794 981 patriae
818 938 990 980 quoque
1014 925 1142 968 vellet
1165 925 1220 968 ad
1244 939 1340 968 oras

37 981 271 1039 &respicere
293 982 424 1038 inque
447 981 623 1025 domum
646 995 866 1038 supremos
890 988 1054 1024 vertere
1078 982 1241 1025 vultus:

33 1086 36 1090 Δ
59 1052 231 1091 verum,
254 1038 330 1082 ubi
353 1038 426 1090 sit,
449 1038 596 1082 nescit.
655 1045 774 1081 tanta
796 1038 1004 1095 vertigine
1027 1045 1182 1095 pontus

37 1093 216 1146 '‘fervet,
240 1102 284 1139 et
305 1095 481 1139 inducta
502 1094 634 1152 piceis
659 1110 683 1138 e
706 1094 894 1137 nubibus
919 1095 1072 1138 umbra

38 1156 187 1207 jomne
209 1152 313 1196 latet
336 1152 502 1196 caelum
508 1182 522 1202 ‚
546 1151 848 1209 duplicataque
872 1152 1008 1195 noctis
1032 1152 1176 1209 imago
1200 1160 1275 1197 est.

56 1207 272 1266 &angitur
291 1209 468 1252 incursu
489 1208 674 1252 nimbosi
697 1209 877 1252 turbinis
902 1209 1041 1260 arbor,

0 1292 2 1297 ν
35 1278 37 1282 ’
55 1264 272 1323 frangitur
293 1274 336 1309 et
358 1266 564 1323 regimen.
623 1265 852 1322 spoliisque
876 1266 1068 1310 animosa
1091 1273 1306 1323 superstes

5 1357 11 1373 ‚
33 1335 35 1347 ³
58 1321 195 1372 unda,
219 1323 338 1366 velut
359 1322 530 1374 victrix,
555 1322 808 1378 sinuataque
832 1323 1011 1379 despicit
1033 1323 1185 1373 undas,

4 1382 9 1412 l‘
34 1393 141 1423 *nec
162 1378 318 1431 levius,
341 1393 471 1436 quam
495 1379 532 1423 si
554 1379 651 1435 quis
674 1379 824 1422 Athon
846 1380 1091 1423 Pindumve
1114 1380 1305 1423 revulsos

57 1435 162 1479 sede
185 1451 264 1479 sua
286 1443 397 1480 totos
420 1437 466 1479 in
490 1443 685 1493 apertum
709 1436 906 1480 everterit
930 1451 1103 1492 aequor,

7 1498 37 1586 ἓ
55 1493 338 1550 praecipitata
360 1493 492 1545 cadit,
515 1493 756 1550 pariterque
782 1501 823 1536 et
846 1494 1033 1550 pondere
1057 1501 1098 1537 et
1119 1493 1208 1536 ictu

2 1591 14 1607 Ι,
36 1571 37 1574 “
59 1549 215 1606 mergit
237 1550 282 1592 in
304 1549 391 1593 ima
413 1557 561 1594 ratem.
621 1566 718 1594 eum
743 1564 830 1606 qua
851 1566 950 1607 pars
975 1565 1134 1608 magna
1156 1551 1345 1594 virorum

120 1606 230 1663 rgite
253 1621 402 1663 pressa
423 1607 546 1664 gravi
568 1621 707 1663 neque
728 1607 774 1650 in
798 1611 897 1651 ae‘ra
919 1608 1084 1651 reddita
1107 1607 1196 1650 fato

139 1670 208 1706 cta
230 1678 309 1706 suo
333 1671 416 1716 est,
441 1664 513 1707 alii
534 1671 677 1721 partes
701 1671 744 1708 et
767 1664 959 1708 membra
982 1664 1150 1708 carinae

4 1721 20 1757 ι’
42 1726 211 1763 'trunca
233 1727 392 1764 tenent.
450 1728 567 1764 tenet
587 1721 680 1777 ipse
702 1736 848 1772 manu,
871 1736 958 1777 qua
980 1728 1147 1778 sceptra
1170 1721 1346 1773 solebat,

38 1775 272 1835 Jfragmina
293 1777 455 1834 navigii
477 1776 621 1834 Ceyx,
646 1792 924 1833 socerumque
947 1786 1197 1835 patremque

13 1851 23 1871 ι
54 1832 249 1885 invocat,
272 1833 377 1878 heu!
401 1834 578 1878 frustra:
603 1834 678 1878 sed
701 1835 885 1891 plurima
906 1835 1047 1878 nantis
1071 1836 1116 1878 in
1140 1850 1212 1878 ore

42 1890 255 1947 -Alcyone
278 1891 477 1934 coniunx.
534 1891 652 1934 illam
675 1891 951 1948 meminitque
974 1892 1208 1947 refertque:

2 1974 38 1997 η,
53 1946 172 1990 illius
195 1955 294 1992 ante
318 1949 464 1991 oculos
487 1955 536 1992 ut
559 1955 690 2005 agant
713 1964 791 1992 sua
815 1963 993 2005 corpora
1015 1949 1184 2000 fluctus,

14 1994 42 2060 ξ
52 2010 198 2062 optat,
223 2011 265 2048 et
288 2005 494 2048 exanimis
516 2005 714 2048 manibus
738 2006 973 2049 tumuletur
996 2006 1156 2050 amicis.

16 2060 173 2152 §dum
185 2068 322 2114 natat,
346 2062 586 2129 absentem,
610 2063 805 2129 quotiens
830 2063 930 2106 sinit
952 2063 1115 2106 hiscere
1138 2063 1306 2130 finctus,

17 2131 159 2221 {200⁰
184 2119 1202 2233 8ἶὶἒῖἓέἰῖ’ἐὲἒέἰῖ“ἕῑξὲῗξὲἓῗιῗὲξέᾒῗὲῑ

16 2223 271 2299 {frangitur
294 2239 337 2276 et
358 2240 485 2290 rupta
507 2247 695 2276 mersum
719 2241 846 2290 eaput
871 2233 1013 2276 obruit
1036 2234 1164 2276 unda.

17 2299 34 2333 {t
58 2286 238 2332 Lucifer
261 2289 489 2342 obscurus,
511 2305 591 2334 nec
615 2304 744 2346 quem
768 2305 1024 2347 cognoscere
1047 2304 1208 2347 posses,

0 2347 1 2362 ³
23 2332 40 2398 -Ξ
57 2344 133 2388 illa
154 2353 279 2389 nocte
302 2346 402 2398 fuit3
427 2347 714 2414 quoniamque
738 2348 943 2391 excedere
968 2348 1086 2391 caelo

11 2411 42 2459 -ξξ
55 2416 146 2446 non
168 2402 307 2454 licuit,
331 2403 473 2447 dens1s
497 2404 603 2447 texit
626 2419 705 2447 sua
728 2404 915 2447 nubibus
940 2419 1027 2448 ora.

38 2463 42 2466 ’
116 2459 266 2502 Aeolis
288 2460 449 2503 interea
471 2468 687 2504 tantorum
708 2461 858 2518 ignara
881 2462 1090 2504 malorum

35 2514 301 2560 dinumerat
322 2524 482 2561 noctes.
542 2525 584 2560 et
607 2518 712 2568 iam,
737 2533 843 2574 quas
866 2519 1016 2562 induat
1038 2519 1123 2571 ille,

18 2623 23 2629 Α
57 2571 232 2616 festinat
255 2580 416 2625 vestes;
439 2573 526 2616 iam
549 2588 676 2630 quas,
701 2575 777 2617 ubi
801 2575 964 2619 venerit
985 2576 1071 2627 ille,

16 2630 24 2635 ’“
58 2627 153 2686 ipsa
205 2637 316 2682 erat3
340 2630 586 2686 reditusque
611 2631 692 2674 sibi
715 2633 922 2688 promittit
944 2633 1106 2676 inanes.

14 2710 28 2735 ,ν
43 2686 174 2729 romni
205 2701 256 2729 us
279 2687 354 2730 illa
376 2687 549 2743 quidem
573 2688 737 2745 superis
762 2689 834 2746 pia
857 2697 952 2732 tura
975 2688 1154 2741 ferebat,

55 2750 158 2786 ante
180 2749 324 2787 tamen
347 2752 522 2788 cunctos
546 2745 725 2788 Iunonis
750 2746 909 2802 templa
934 2746 1100 2790 colebat

15 2807 27 2836 .’
44 2798 220 2857 'proque
243 2800 354 2854 viro,
379 2802 453 2860 qui
476 2801 617 2846 nullus
642 2810 750 2855 erat,
776 2803 974 2849 veniebat
998 2805 1054 2849 ad
1078 2820 1188 2856 aras,

15 2876 20 2885 r
47 2891 49 2893 ,
125 2865 215 2897 ovidio·
223 2866 272 2898 vol.
286 2867 327 2897 Π.
1161 2873 1206 2909 13

1463 599 1531 631 540

1462 883 1528 915 545

1463 1167 1531 1200 550

1463 1450 1529 1483 555

1463 1737 1531 1769 560

1464 2021 1530 2053 565

1439 2315 1445 2338 J
1464 2307 1532 2339 570

1464 2592 1531 2624 575
