<?xml version="1.0" encoding="UTF-8"?>
<!DOCTYPE html PUBLIC "-//W3C//DTD XHTML 1.0 Transitional//EN"
    "http://www.w3.org/TR/xhtml1/DTD/xhtml1-transitional.dtd">
<html xmlns="http://www.w3.org/1999/xhtml" xml:lang="en" lang="en">
 <head>
  <title>
</title>
<meta http-equiv="Content-Type" content="text/html;charset=utf-8" />
  <meta name='ocr-system' content='tesseract 3.04.00' />
  <meta name='ocr-capabilities' content='ocr_page ocr_carea ocr_par ocr_line ocrx_word'/>
</head>
<body>
  <div class='ocr_page' id='page_1' title='image "./carminao02oviduoft_0174.png"; bbox 0 0 1786 3242; ppageno 0'>
   <div class='ocr_carea' id='block_1_1' title="bbox 339 255 1250 299">
    <p class='ocr_par' dir='ltr' id='par_1_1' title="bbox 339 255 1250 299">
     <span class='ocr_line' id='line_1_1' title="bbox 339 255 1250 299; baseline -0.002 0"><span class='ocrx_word' id='word_1_1' title='bbox 339 255 420 299; x_wconf 87' lang='lat'>138</span> <span class='ocrx_word' id='word_1_2' title='bbox 777 263 821 298; x_wconf 92' lang='lat' dir='ltr'>P.</span> <span class='ocrx_word' id='word_1_3' title='bbox 848 261 1013 299; x_wconf 89' lang='lat' dir='ltr'>OVIDII</span> <span class='ocrx_word' id='word_1_4' title='bbox 1035 260 1250 298; x_wconf 84' lang='lat' dir='ltr'>NASONIS</span> 
     </span>
    </p>
   </div>
   <div class='ocr_carea' id='block_1_2' title="bbox 243 341 1696 1353">
    <p class='ocr_par' dir='ltr' id='par_1_2' title="bbox 243 341 1696 1353">
     <span class='ocr_line' id='line_1_2' title="bbox 337 341 1524 402; baseline -0.003 -14"><span class='ocrx_word' id='word_1_5' title='bbox 337 353 434 402; x_wconf 85' lang='lat' dir='ltr'>post</span> <span class='ocrx_word' id='word_1_6' title='bbox 456 345 638 388; x_wconf 89' lang='lat' dir='ltr'>cinerem</span> <span class='ocrx_word' id='word_1_7' title='bbox 663 343 822 386; x_wconf 86' lang='lat' dir='ltr'>cineres</span> <span class='ocrx_word' id='word_1_8' title='bbox 846 342 1019 384; x_wconf 86' lang='lat' dir='ltr'>haustos</span> <span class='ocrx_word' id='word_1_9' title='bbox 1043 341 1098 384; x_wconf 90' lang='lat' dir='ltr'>ad</span> <span class='ocrx_word' id='word_1_10' title='bbox 1121 348 1292 398; x_wconf 90' lang='lat' dir='ltr'>pectora</span> <span class='ocrx_word' id='word_1_11' title='bbox 1314 348 1524 398; x_wconf 82' lang='lat' dir='ltr'>pressant3</span> 
     </span>
     <span class='ocr_line' id='line_1_3' title="bbox 243 398 1356 455; baseline -0.006 -9"><span class='ocrx_word' id='word_1_12' title='bbox 243 414 315 446; x_wconf 85' lang='grc'>540</span> <span class='ocrx_word' id='word_1_13' title='bbox 337 401 596 455; x_wconf 83' lang='lat' dir='ltr'><strong>adfusaeque</strong></span> <span class='ocrx_word' id='word_1_14' title='bbox 619 400 757 442; x_wconf 89' lang='lat' dir='ltr'>iacent</span> <span class='ocrx_word' id='word_1_15' title='bbox 780 399 956 449; x_wconf 85' lang='lat' dir='ltr'>tumulo,</span> <span class='ocrx_word' id='word_1_16' title='bbox 981 398 1356 454; x_wconf 81' lang='lat' dir='ltr'>signataquesaxo</span> 
     </span>
     <span class='ocr_line' id='line_1_4' title="bbox 336 454 1469 511; baseline -0.003 -12"><span class='ocrx_word' id='word_1_17' title='bbox 336 457 506 500; x_wconf 89' lang='lat' dir='ltr'>nomina</span> <span class='ocrx_word' id='word_1_18' title='bbox 529 456 773 511; x_wconf 80' lang='lat' dir='ltr'>complexae</span> <span class='ocrx_word' id='word_1_19' title='bbox 795 454 988 496; x_wconf 82' lang='lat' dir='ltr'><strong>lacrimas</strong></span> <span class='ocrx_word' id='word_1_20' title='bbox 1011 455 1055 496; x_wconf 90' lang='lat' dir='ltr'>in</span> <span class='ocrx_word' id='word_1_21' title='bbox 1079 455 1250 496; x_wconf 89' lang='lat' dir='ltr'>nomina</span> <span class='ocrx_word' id='word_1_22' title='bbox 1273 454 1469 496; x_wconf 87' lang='lat' dir='ltr'>fundunt.</span> 
     </span>
     <span class='ocr_line' id='line_1_5' title="bbox 338 510 1290 568; baseline -0.002 -14"><span class='ocrx_word' id='word_1_23' title='bbox 338 527 443 568; x_wconf 88' lang='lat' dir='ltr'>quas</span> <span class='ocrx_word' id='word_1_24' title='bbox 466 512 748 554; x_wconf 87' lang='lat' dir='ltr'>Parthaoniae</span> <span class='ocrx_word' id='word_1_25' title='bbox 771 511 942 553; x_wconf 87' lang='lat' dir='ltr'>tandem</span> <span class='ocrx_word' id='word_1_26' title='bbox 964 510 1149 553; x_wconf 88' lang='lat' dir='ltr'>Latonia</span> <span class='ocrx_word' id='word_1_27' title='bbox 1172 510 1290 553; x_wconf 89' lang='lat' dir='ltr'>clade</span> 
     </span>
     <span class='ocr_line' id='line_1_6' title="bbox 337 565 1467 623; baseline -0.003 -12"><span class='ocrx_word' id='word_1_28' title='bbox 337 569 542 612; x_wconf 84' lang='lat' dir='ltr'>exsatiata</span> <span class='ocrx_word' id='word_1_29' title='bbox 566 568 734 618; x_wconf 91' lang='lat' dir='ltr'>domus,</span> <span class='ocrx_word' id='word_1_30' title='bbox 758 575 924 623; x_wconf 87' lang='lat' dir='ltr'>praeter</span> <span class='ocrx_word' id='word_1_31' title='bbox 948 565 1208 623; x_wconf 85' lang='lat' dir='ltr'>Gorgenque</span> <span class='ocrx_word' id='word_1_32' title='bbox 1230 580 1467 622; x_wconf 86' lang='lat' dir='ltr'>nurumque</span> 
     </span>
     <span class='ocr_line' id='line_1_7' title="bbox 337 623 1336 688; baseline -0.002 -22"><span class='ocrx_word' id='word_1_33' title='bbox 337 625 489 667; x_wconf 90' lang='lat' dir='ltr'>nobilis</span> <span class='ocrx_word' id='word_1_34' title='bbox 512 625 765 673; x_wconf 86' lang='lat' dir='ltr'>Alcmenae,</span> <span class='ocrx_word' id='word_1_35' title='bbox 789 623 899 665; x_wconf 91' lang='lat' dir='ltr'>natis</span> <span class='ocrx_word' id='word_1_36' title='bbox 922 623 966 665; x_wconf 91' lang='lat' dir='ltr'>in</span> <span class='ocrx_word' id='word_1_37' title='bbox 990 637 1163 679; x_wconf 90' lang='lat' dir='ltr'>corpore</span> <span class='ocrx_word' id='word_1_38' title='bbox 1186 623 1336 688; x_wconf 87' lang='lat' dir='ltr'>pennis</span> 
     </span>
     <span class='ocr_line' id='line_1_8' title="bbox 244 679 1375 736; baseline -0.004 -10"><span class='ocrx_word' id='word_1_39' title='bbox 244 693 313 726; x_wconf 87' lang='grc'>545</span> <span class='ocrx_word' id='word_1_40' title='bbox 338 681 509 731; x_wconf 86' lang='lat' dir='ltr'>allevat,</span> <span class='ocrx_word' id='word_1_41' title='bbox 535 688 577 724; x_wconf 91' lang='lat' dir='ltr'>et</span> <span class='ocrx_word' id='word_1_42' title='bbox 599 681 747 736; x_wconf 89' lang='lat' dir='ltr'>longas</span> <span class='ocrx_word' id='word_1_43' title='bbox 771 695 846 735; x_wconf 92' lang='lat' dir='ltr'>per</span> <span class='ocrx_word' id='word_1_44' title='bbox 868 679 1066 722; x_wconf 90' lang='lat' dir='ltr'>bracchia</span> <span class='ocrx_word' id='word_1_45' title='bbox 1088 679 1264 735; x_wconf 81' lang='lat' dir='ltr'>porrlgit</span> <span class='ocrx_word' id='word_1_46' title='bbox 1287 680 1375 722; x_wconf 88' lang='lat' dir='ltr'>alas</span> 
     </span>
     <span class='ocr_line' id='line_1_9' title="bbox 338 735 1428 792; baseline -0.003 -12"><span class='ocrx_word' id='word_1_47' title='bbox 338 751 574 792; x_wconf 90' lang='lat' dir='ltr'>corneaque</span> <span class='ocrx_word' id='word_1_48' title='bbox 598 752 672 778; x_wconf 90' lang='lat' dir='ltr'>ora</span> <span class='ocrx_word' id='word_1_49' title='bbox 694 737 796 778; x_wconf 90' lang='lat' dir='ltr'>facit</span> <span class='ocrx_word' id='word_1_50' title='bbox 820 750 1046 790; x_wconf 88' lang='lat' dir='ltr'>versasque</span> <span class='ocrx_word' id='word_1_51' title='bbox 1070 751 1146 791; x_wconf 89' lang='lat' dir='ltr'>per</span> <span class='ocrx_word' id='word_1_52' title='bbox 1169 740 1266 778; x_wconf 70' lang='lat' dir='ltr'>aera</span> <span class='ocrx_word' id='word_1_53' title='bbox 1289 735 1428 778; x_wconf 87' lang='lat' dir='ltr'>mittit.</span> 
     </span>
     <span class='ocr_line' id='line_1_10' title="bbox 394 792 1696 848; baseline -0.002 -13"><span class='ocrx_word' id='word_1_54' title='bbox 394 794 562 836; x_wconf 87' lang='lat' dir='ltr'>Interea</span> <span class='ocrx_word' id='word_1_55' title='bbox 585 793 776 835; x_wconf 79' lang='lat' dir='ltr'>Theseus</span> <span class='ocrx_word' id='word_1_56' title='bbox 802 792 948 835; x_wconf 88' lang='lat' dir='ltr'>sociati</span> <span class='ocrx_word' id='word_1_57' title='bbox 971 799 1089 848; x_wconf 89' lang='lat' dir='ltr'>parte</span> <span class='ocrx_word' id='word_1_58' title='bbox 1111 792 1267 834; x_wconf 90' lang='lat' dir='ltr'>laboris</span> <span class='ocrx_word' id='word_1_59' title='bbox 1516 800 1696 836; x_wconf 76' lang='lat' dir='ltr'>Achelous.</span> 
     </span>
     <span class='ocr_line' id='line_1_11' title="bbox 338 849 1403 893; baseline -0.002 -1"><span class='ocrx_word' id='word_1_60' title='bbox 338 850 509 893; x_wconf 88' lang='lat' dir='ltr'>functus</span> <span class='ocrx_word' id='word_1_61' title='bbox 534 849 793 892; x_wconf 82' lang='lat' dir='ltr'>Erechtheas</span> <span class='ocrx_word' id='word_1_62' title='bbox 817 849 1059 891; x_wconf 87' lang='lat' dir='ltr'>Tritonidos</span> <span class='ocrx_word' id='word_1_63' title='bbox 1082 849 1172 891; x_wconf 92' lang='lat' dir='ltr'>ibat</span> <span class='ocrx_word' id='word_1_64' title='bbox 1195 849 1250 891; x_wconf 90' lang='lat' dir='ltr'>ad</span> <span class='ocrx_word' id='word_1_65' title='bbox 1273 863 1403 891; x_wconf 89' lang='lat' dir='ltr'>arces.</span> 
     </span>
     <span class='ocr_line' id='line_1_12' title="bbox 313 905 1532 963; baseline -0.002 -15"><span class='ocrx_word' id='word_1_66' title='bbox 313 906 488 963; x_wconf 31' lang='lat' dir='ltr'>‘clausit</span> <span class='ocrx_word' id='word_1_67' title='bbox 510 906 589 948; x_wconf 90' lang='lat' dir='ltr'>iter</span> <span class='ocrx_word' id='word_1_68' title='bbox 612 906 795 960; x_wconf 85' lang='lat' dir='ltr'>fecitque</span> <span class='ocrx_word' id='word_1_69' title='bbox 819 920 958 947; x_wconf 88' lang='lat' dir='ltr'>moras</span> <span class='ocrx_word' id='word_1_70' title='bbox 983 905 1198 947; x_wconf 85' lang='lat' dir='ltr'>Achelous</span> <span class='ocrx_word' id='word_1_71' title='bbox 1223 905 1351 954; x_wconf 93' lang='lat' dir='ltr'>eunti,</span> <span class='ocrx_word' id='word_1_72' title='bbox 1530 954 1532 957; x_wconf 11' lang='grc' dir='ltr'><em>Α</em></span> 
     </span>
     <span class='ocr_line' id='line_1_13' title="bbox 246 960 1526 1011; baseline -0.004 -4"><span class='ocrx_word' id='word_1_73' title='bbox 246 975 315 1008; x_wconf 83' lang='grc'>550</span> <span class='ocrx_word' id='word_1_74' title='bbox 337 962 472 1005; x_wconf 88' lang='lat' dir='ltr'>imbre</span> <span class='ocrx_word' id='word_1_75' title='bbox 496 969 674 1004; x_wconf 84' lang='lat' dir='ltr'>tumens.</span> <span class='ocrx_word' id='word_1_76' title='bbox 733 962 933 1004; x_wconf 87' lang='lat' dir='ltr'>‘succede</span> <span class='ocrx_word' id='word_1_77' title='bbox 956 961 1088 1011; x_wconf 91' lang='lat' dir='ltr'>meis,&#39;</span> <span class='ocrx_word' id='word_1_78' title='bbox 1114 961 1172 1003; x_wconf 88' lang='lat' dir='ltr'>ait</span> <span class='ocrx_word' id='word_1_79' title='bbox 1195 962 1367 1010; x_wconf 89' lang='lat' dir='ltr'>‘inclite‚</span> <span class='ocrx_word' id='word_1_80' title='bbox 1391 960 1526 1011; x_wconf 91' lang='lat' dir='ltr'>tectis,</span> 
     </span>
     <span class='ocr_line' id='line_1_14' title="bbox 339 1017 1409 1074; baseline -0.002 -13"><span class='ocrx_word' id='word_1_81' title='bbox 339 1018 596 1074; x_wconf 88' lang='lat' dir='ltr'>Cecropida‚</span> <span class='ocrx_word' id='word_1_82' title='bbox 620 1033 699 1060; x_wconf 90' lang='lat' dir='ltr'>nec</span> <span class='ocrx_word' id='word_1_83' title='bbox 723 1025 764 1060; x_wconf 90' lang='lat' dir='ltr'>te</span> <span class='ocrx_word' id='word_1_84' title='bbox 789 1018 1001 1060; x_wconf 89' lang='lat' dir='ltr'>committe</span> <span class='ocrx_word' id='word_1_85' title='bbox 1024 1017 1248 1073; x_wconf 87' lang='lat' dir='ltr'>rapacibus</span> <span class='ocrx_word' id='word_1_86' title='bbox 1271 1017 1409 1060; x_wconf 89' lang='lat' dir='ltr'>undis.</span> 
     </span>
     <span class='ocr_line' id='line_1_15' title="bbox 338 1074 1438 1130; baseline -0.002 -13"><span class='ocrx_word' id='word_1_87' title='bbox 338 1075 447 1118; x_wconf 86' lang='lat' dir='ltr'>ferre</span> <span class='ocrx_word' id='word_1_88' title='bbox 470 1075 611 1117; x_wconf 90' lang='lat' dir='ltr'>trabes</span> <span class='ocrx_word' id='word_1_89' title='bbox 635 1075 788 1117; x_wconf 87' lang='lat' dir='ltr'>solidas</span> <span class='ocrx_word' id='word_1_90' title='bbox 813 1074 1066 1128; x_wconf 90' lang='lat' dir='ltr'>obliquaque</span> <span class='ocrx_word' id='word_1_91' title='bbox 1091 1075 1259 1116; x_wconf 90' lang='lat' dir='ltr'>volvere</span> <span class='ocrx_word' id='word_1_92' title='bbox 1283 1087 1438 1130; x_wconf 89' lang='lat' dir='ltr'>magno</span> 
     </span>
     <span class='ocr_line' id='line_1_16' title="bbox 338 1130 1416 1186; baseline 0 -13"><span class='ocrx_word' id='word_1_93' title='bbox 338 1146 552 1173; x_wconf 91' lang='lat' dir='ltr'>murmure</span> <span class='ocrx_word' id='word_1_94' title='bbox 577 1146 679 1172; x_wconf 89' lang='lat' dir='ltr'>saxa</span> <span class='ocrx_word' id='word_1_95' title='bbox 702 1131 849 1172; x_wconf 89' lang='lat' dir='ltr'>solent.</span> <span class='ocrx_word' id='word_1_96' title='bbox 908 1130 995 1172; x_wconf 89' lang='lat' dir='ltr'>vidi</span> <span class='ocrx_word' id='word_1_97' title='bbox 1019 1131 1276 1172; x_wconf 90' lang='lat' dir='ltr'>contermina</span> <span class='ocrx_word' id='word_1_98' title='bbox 1298 1130 1416 1186; x_wconf 90' lang='lat' dir='ltr'>ripae</span> 
     </span>
     <span class='ocr_line' id='line_1_17' title="bbox 339 1185 1523 1242; baseline 0 -13"><span class='ocrx_word' id='word_1_99' title='bbox 339 1201 436 1229; x_wconf 92' lang='lat' dir='ltr'>cum</span> <span class='ocrx_word' id='word_1_100' title='bbox 459 1187 660 1242; x_wconf 87' lang='lat' dir='ltr'>gregibus</span> <span class='ocrx_word' id='word_1_101' title='bbox 685 1187 851 1228; x_wconf 89' lang='lat' dir='ltr'>stabula</span> <span class='ocrx_word' id='word_1_102' title='bbox 874 1188 959 1228; x_wconf 87' lang='lat' dir='ltr'>alta</span> <span class='ocrx_word' id='word_1_103' title='bbox 983 1187 1109 1237; x_wconf 81' lang='lat' dir='ltr'>trahi3</span> <span class='ocrx_word' id='word_1_104' title='bbox 1133 1201 1212 1228; x_wconf 91' lang='lat' dir='ltr'>nec</span> <span class='ocrx_word' id='word_1_105' title='bbox 1235 1186 1414 1228; x_wconf 89' lang='lat' dir='ltr'>fortibus</span> <span class='ocrx_word' id='word_1_106' title='bbox 1437 1185 1523 1229; x_wconf 86' lang='lat' dir='ltr'>illic</span> 
     </span>
     <span class='ocr_line' id='line_1_18' title="bbox 246 1243 1351 1299; baseline -0.003 -11"><span class='ocrx_word' id='word_1_107' title='bbox 246 1256 314 1288; x_wconf 86' lang='grc'>555</span> <span class='ocrx_word' id='word_1_108' title='bbox 338 1243 496 1299; x_wconf 88' lang='lat' dir='ltr'>profuit</span> <span class='ocrx_word' id='word_1_109' title='bbox 519 1243 737 1292; x_wconf 88' lang='lat' dir='ltr'>armentis,</span> <span class='ocrx_word' id='word_1_110' title='bbox 761 1257 840 1284; x_wconf 92' lang='lat' dir='ltr'>nec</span> <span class='ocrx_word' id='word_1_111' title='bbox 864 1243 982 1297; x_wconf 91' lang='lat' dir='ltr'>equis</span> <span class='ocrx_word' id='word_1_112' title='bbox 1006 1243 1222 1285; x_wconf 90' lang='lat' dir='ltr'>velocibus</span> <span class='ocrx_word' id='word_1_113' title='bbox 1247 1257 1351 1285; x_wconf 88' lang='lat' dir='ltr'>esse.</span> 
     </span>
     <span class='ocr_line' id='line_1_19' title="bbox 338 1298 1546 1353; baseline -0.002 -11"><span class='ocrx_word' id='word_1_114' title='bbox 338 1299 472 1342; x_wconf 90' lang='lat' dir='ltr'>multa</span> <span class='ocrx_word' id='word_1_115' title='bbox 496 1313 663 1353; x_wconf 91' lang='lat' dir='ltr'>quoque</span> <span class='ocrx_word' id='word_1_116' title='bbox 687 1299 756 1341; x_wconf 88' lang='lat' dir='ltr'>hic</span> <span class='ocrx_word' id='word_1_117' title='bbox 779 1307 940 1340; x_wconf 88' lang='lat' dir='ltr'>torrens</span> <span class='ocrx_word' id='word_1_118' title='bbox 963 1298 1132 1340; x_wconf 90' lang='lat' dir='ltr'>nivibus</span> <span class='ocrx_word' id='word_1_119' title='bbox 1156 1299 1208 1341; x_wconf 90' lang='lat' dir='ltr'>de</span> <span class='ocrx_word' id='word_1_120' title='bbox 1232 1306 1375 1342; x_wconf 88' lang='lat' dir='ltr'>monte</span> <span class='ocrx_word' id='word_1_121' title='bbox 1398 1298 1546 1341; x_wconf 86' lang='lat' dir='ltr'>solutis</span> 
     </span>
    </p>
   </div>
   <div class='ocr_carea' id='block_1_3' title="bbox 1565 437 1589 449">
    <p class='ocr_par' dir='ltr' id='par_1_3' title="bbox 1565 437 1589 449">
     <span class='ocr_line' id='line_1_20' title="bbox 1565 437 1589 449; baseline 0 0"><span class='ocrx_word' id='word_1_122' title='bbox 1565 437 1589 449; x_wconf 57' lang='lat' dir='ltr'><em>d</em></span> 
     </span>
    </p>
   </div>
   <div class='ocr_carea' id='block_1_4' title="bbox 246 1355 1700 2805">
    <p class='ocr_par' dir='ltr' id='par_1_4' title="bbox 337 1355 1428 1522">
     <span class='ocr_line' id='line_1_21' title="bbox 339 1355 1322 1411; baseline 0 -14"><span class='ocrx_word' id='word_1_123' title='bbox 339 1370 515 1411; x_wconf 88' lang='lat' dir='ltr'>corpora</span> <span class='ocrx_word' id='word_1_124' title='bbox 538 1355 730 1397; x_wconf 90' lang='lat' dir='ltr'>turbineo</span> <span class='ocrx_word' id='word_1_125' title='bbox 753 1355 964 1397; x_wconf 87' lang='lat' dir='ltr'>iuvenalia</span> <span class='ocrx_word' id='word_1_126' title='bbox 987 1355 1143 1397; x_wconf 90' lang='lat' dir='ltr'>vertice</span> <span class='ocrx_word' id='word_1_127' title='bbox 1165 1355 1322 1397; x_wconf 85' lang='lat' dir='ltr'>mersit.</span> 
     </span>
     <span class='ocr_line' id='line_1_22' title="bbox 338 1411 1428 1470; baseline 0 -17"><span class='ocrx_word' id='word_1_128' title='bbox 338 1412 468 1454; x_wconf 90' lang='lat' dir='ltr'>tutior</span> <span class='ocrx_word' id='word_1_129' title='bbox 493 1418 556 1453; x_wconf 85' lang='lat' dir='ltr'>est</span> <span class='ocrx_word' id='word_1_130' title='bbox 578 1411 764 1466; x_wconf 89' lang='lat' dir='ltr'>requies,</span> <span class='ocrx_word' id='word_1_131' title='bbox 789 1411 910 1453; x_wconf 90' lang='lat' dir='ltr'>solito</span> <span class='ocrx_word' id='word_1_132' title='bbox 935 1411 1036 1470; x_wconf 81' lang='lat' dir='ltr'>dum</span> <span class='ocrx_word' id='word_1_133' title='bbox 1059 1411 1234 1453; x_wconf 87' lang='lat' dir='ltr'>flumina</span> <span class='ocrx_word' id='word_1_134' title='bbox 1258 1418 1428 1453; x_wconf 88' lang='lat' dir='ltr'>currant</span> 
     </span>
     <span class='ocr_line' id='line_1_23' title="bbox 337 1467 1416 1522; baseline 0 -13"><span class='ocrx_word' id='word_1_135' title='bbox 337 1468 487 1518; x_wconf 90' lang='lat' dir='ltr'>limite,</span> <span class='ocrx_word' id='word_1_136' title='bbox 513 1468 615 1509; x_wconf 93' lang='lat' dir='ltr'>dum</span> <span class='ocrx_word' id='word_1_137' title='bbox 638 1475 786 1510; x_wconf 87' lang='lat' dir='ltr'>tenues</span> <span class='ocrx_word' id='word_1_138' title='bbox 811 1467 950 1522; x_wconf 89' lang='lat' dir='ltr'>capiat</span> <span class='ocrx_word' id='word_1_139' title='bbox 974 1482 1074 1509; x_wconf 88' lang='lat' dir='ltr'>suus</span> <span class='ocrx_word' id='word_1_140' title='bbox 1099 1468 1243 1510; x_wconf 90' lang='lat' dir='ltr'>alveus</span> <span class='ocrx_word' id='word_1_141' title='bbox 1267 1468 1416 1510; x_wconf 91' lang='lat' dir='ltr'>undas.</span> 
     </span>
    </p>

    <p class='ocr_par' dir='ltr' id='par_1_5' title="bbox 246 1523 1465 1791">
     <span class='ocr_line' id='line_1_24' title="bbox 246 1523 1445 1579; baseline -0.002 -11"><span class='ocrx_word' id='word_1_142' title='bbox 246 1535 316 1568; x_wconf 83' lang='lat'>560</span> <span class='ocrx_word' id='word_1_143' title='bbox 340 1524 488 1566; x_wconf 84' lang='lat' dir='ltr'>adnuit</span> <span class='ocrx_word' id='word_1_144' title='bbox 511 1524 720 1579; x_wconf 87' lang='lat' dir='ltr'>Aegides,</span> <span class='ocrx_word' id='word_1_145' title='bbox 746 1524 965 1578; x_wconf 89' lang='lat' dir='ltr'>‘utar&#39;que</span> <span class='ocrx_word' id='word_1_146' title='bbox 989 1523 1212 1574; x_wconf 87' lang='lat' dir='ltr'>‘Acheloe,</span> <span class='ocrx_word' id='word_1_147' title='bbox 1236 1524 1445 1579; x_wconf 85' lang='lat' dir='ltr'>domoque</span> 
     </span>
     <span class='ocr_line' id='line_1_25' title="bbox 340 1580 1465 1636; baseline 0 -14"><span class='ocrx_word' id='word_1_148' title='bbox 340 1580 596 1634; x_wconf 89' lang='lat' dir='ltr'>consilioque</span> <span class='ocrx_word' id='word_1_149' title='bbox 621 1580 712 1622; x_wconf 88' lang='lat' dir='ltr'>tuo’</span> <span class='ocrx_word' id='word_1_150' title='bbox 736 1580 969 1636; x_wconf 84' lang='lat' dir='ltr'>respondit:</span> <span class='ocrx_word' id='word_1_151' title='bbox 996 1587 1037 1622; x_wconf 94' lang='lat' dir='ltr'>et</span> <span class='ocrx_word' id='word_1_152' title='bbox 1059 1595 1162 1622; x_wconf 91' lang='lat' dir='ltr'>usus</span> <span class='ocrx_word' id='word_1_153' title='bbox 1185 1587 1364 1635; x_wconf 89' lang='lat' dir='ltr'>utroque</span> <span class='ocrx_word' id='word_1_154' title='bbox 1389 1589 1465 1623; x_wconf 87' lang='lat' dir='ltr'>est.</span> 
     </span>
     <span class='ocr_line' id='line_1_26' title="bbox 338 1636 1296 1693; baseline 0 -15"><span class='ocrx_word' id='word_1_155' title='bbox 338 1636 508 1693; x_wconf 88' lang='lat' dir='ltr'>pumice</span> <span class='ocrx_word' id='word_1_156' title='bbox 530 1636 758 1678; x_wconf 88' lang='lat' dir='ltr'>multicavo</span> <span class='ocrx_word' id='word_1_157' title='bbox 782 1651 861 1678; x_wconf 92' lang='lat' dir='ltr'>nec</span> <span class='ocrx_word' id='word_1_158' title='bbox 883 1636 1049 1678; x_wconf 92' lang='lat' dir='ltr'>levibus</span> <span class='ocrx_word' id='word_1_159' title='bbox 1074 1637 1179 1678; x_wconf 86' lang='lat' dir='ltr'>atria</span> <span class='ocrx_word' id='word_1_160' title='bbox 1202 1637 1296 1678; x_wconf 86' lang='lat' dir='ltr'>tofis</span> 
     </span>
     <span class='ocr_line' id='line_1_27' title="bbox 340 1693 1436 1735; baseline -0.001 0"><span class='ocrx_word' id='word_1_161' title='bbox 340 1700 497 1735; x_wconf 86' lang='lat' dir='ltr'>structa</span> <span class='ocrx_word' id='word_1_162' title='bbox 521 1693 644 1734; x_wconf 88' lang='lat' dir='ltr'>subit.</span> <span class='ocrx_word' id='word_1_163' title='bbox 703 1693 819 1734; x_wconf 91' lang='lat' dir='ltr'>molli</span> <span class='ocrx_word' id='word_1_164' title='bbox 843 1693 967 1735; x_wconf 90' lang='lat' dir='ltr'>tellus</span> <span class='ocrx_word' id='word_1_165' title='bbox 992 1700 1082 1734; x_wconf 87' lang='lat' dir='ltr'>erat</span> <span class='ocrx_word' id='word_1_166' title='bbox 1105 1693 1248 1735; x_wconf 92' lang='lat' dir='ltr'>umida</span> <span class='ocrx_word' id='word_1_167' title='bbox 1271 1707 1436 1735; x_wconf 75' lang='lat' dir='ltr'>muscot</span> 
     </span>
     <span class='ocr_line' id='line_1_28' title="bbox 339 1749 1370 1791; baseline 0.001 -1"><span class='ocrx_word' id='word_1_168' title='bbox 339 1764 505 1790; x_wconf 88' lang='lat' dir='ltr'>summa</span> <span class='ocrx_word' id='word_1_169' title='bbox 527 1749 782 1790; x_wconf 87' lang='lat' dir='ltr'>lacunabant</span> <span class='ocrx_word' id='word_1_170' title='bbox 807 1749 966 1791; x_wconf 91' lang='lat' dir='ltr'>alterno</span> <span class='ocrx_word' id='word_1_171' title='bbox 989 1749 1148 1791; x_wconf 88' lang='lat' dir='ltr'>murice</span> <span class='ocrx_word' id='word_1_172' title='bbox 1172 1749 1370 1791; x_wconf 86' lang='lat' dir='ltr'>conchae.</span> 
     </span>
    </p>

    <p class='ocr_par' dir='ltr' id='par_1_6' title="bbox 246 1805 1447 2085">
     <span class='ocr_line' id='line_1_29' title="bbox 246 1805 1366 1860; baseline -0.003 -11"><span class='ocrx_word' id='word_1_173' title='bbox 246 1817 314 1850; x_wconf 88' lang='grc'>565</span> <span class='ocrx_word' id='word_1_174' title='bbox 338 1805 507 1859; x_wconf 89' lang='lat' dir='ltr'>iamque</span> <span class='ocrx_word' id='word_1_175' title='bbox 531 1805 637 1846; x_wconf 89' lang='lat' dir='ltr'>duas</span> <span class='ocrx_word' id='word_1_176' title='bbox 659 1805 765 1846; x_wconf 88' lang='lat' dir='ltr'>lucis</span> <span class='ocrx_word' id='word_1_177' title='bbox 789 1812 928 1860; x_wconf 88' lang='lat' dir='ltr'>partes</span> <span class='ocrx_word' id='word_1_178' title='bbox 952 1805 1198 1860; x_wconf 86' lang='lat' dir='ltr'>Hyperione</span> <span class='ocrx_word' id='word_1_179' title='bbox 1221 1819 1366 1847; x_wconf 90' lang='lat' dir='ltr'>menso</span> 
     </span>
     <span class='ocr_line' id='line_1_30' title="bbox 339 1861 1447 1916; baseline 0 -13"><span class='ocrx_word' id='word_1_180' title='bbox 339 1861 589 1903; x_wconf 90' lang='lat' dir='ltr'>discubuere</span> <span class='ocrx_word' id='word_1_181' title='bbox 613 1861 713 1902; x_wconf 88' lang='lat' dir='ltr'>toris</span> <span class='ocrx_word' id='word_1_182' title='bbox 738 1861 928 1903; x_wconf 87' lang='lat' dir='ltr'>Theseus</span> <span class='ocrx_word' id='word_1_183' title='bbox 954 1861 1212 1916; x_wconf 89' lang='lat' dir='ltr'>comitesque</span> <span class='ocrx_word' id='word_1_184' title='bbox 1234 1861 1447 1903; x_wconf 84' lang='lat' dir='ltr'>laborum:</span> 
     </span>
     <span class='ocr_line' id='line_1_31' title="bbox 338 1917 1200 1966; baseline 0 -7"><span class='ocrx_word' id='word_1_185' title='bbox 338 1917 420 1959; x_wconf 88' lang='lat' dir='ltr'>hac</span> <span class='ocrx_word' id='word_1_186' title='bbox 443 1917 676 1966; x_wconf 86' lang='lat' dir='ltr'>Ixionides,</span> <span class='ocrx_word' id='word_1_187' title='bbox 700 1917 771 1958; x_wconf 87' lang='lat' dir='ltr'>illa</span> <span class='ocrx_word' id='word_1_188' title='bbox 795 1917 1053 1959; x_wconf 87' lang='lat' dir='ltr'>Troezenius</span> <span class='ocrx_word' id='word_1_189' title='bbox 1077 1917 1200 1959; x_wconf 90' lang='lat' dir='ltr'>heros</span> 
     </span>
     <span class='ocr_line' id='line_1_32' title="bbox 338 1973 1431 2030; baseline 0.001 -15"><span class='ocrx_word' id='word_1_190' title='bbox 338 1980 458 2029; x_wconf 89' lang='lat' dir='ltr'>parte</span> <span class='ocrx_word' id='word_1_191' title='bbox 482 1973 637 2023; x_wconf 76' lang='lat' dir='ltr'>LeleX‚</span> <span class='ocrx_word' id='word_1_192' title='bbox 662 1974 765 2015; x_wconf 90' lang='lat' dir='ltr'>raris</span> <span class='ocrx_word' id='word_1_193' title='bbox 789 1973 873 2015; x_wconf 88' lang='lat' dir='ltr'>iam</span> <span class='ocrx_word' id='word_1_194' title='bbox 898 1988 1065 2029; x_wconf 89' lang='lat' dir='ltr'>sparsus</span> <span class='ocrx_word' id='word_1_195' title='bbox 1089 1981 1279 2030; x_wconf 88' lang='lat' dir='ltr'>tempora</span> <span class='ocrx_word' id='word_1_196' title='bbox 1303 1974 1431 2024; x_wconf 87' lang='lat' dir='ltr'>canis,</span> 
     </span>
     <span class='ocr_line' id='line_1_33' title="bbox 339 2029 1366 2085; baseline 0.001 -14"><span class='ocrx_word' id='word_1_197' title='bbox 339 2043 529 2084; x_wconf 87' lang='lat' dir='ltr'>quosque</span> <span class='ocrx_word' id='word_1_198' title='bbox 553 2030 657 2071; x_wconf 89' lang='lat' dir='ltr'>alios</span> <span class='ocrx_word' id='word_1_199' title='bbox 681 2030 803 2085; x_wconf 90' lang='lat' dir='ltr'>parili</span> <span class='ocrx_word' id='word_1_200' title='bbox 827 2029 963 2072; x_wconf 85' lang='lat' dir='ltr'>fuerat</span> <span class='ocrx_word' id='word_1_201' title='bbox 989 2030 1184 2085; x_wconf 87' lang='lat' dir='ltr'>dignatus</span> <span class='ocrx_word' id='word_1_202' title='bbox 1208 2030 1366 2072; x_wconf 89' lang='lat' dir='ltr'>honore</span> 
     </span>
    </p>

    <p class='ocr_par' dir='ltr' id='par_1_7' title="bbox 247 2086 1700 2366">
     <span class='ocr_line' id='line_1_34' title="bbox 247 2086 1426 2142; baseline -0.001 -13"><span class='ocrx_word' id='word_1_203' title='bbox 247 2098 316 2130; x_wconf 86' lang='lat'>570</span> <span class='ocrx_word' id='word_1_204' title='bbox 339 2086 493 2127; x_wconf 92' lang='lat' dir='ltr'>Amnis</span> <span class='ocrx_word' id='word_1_205' title='bbox 518 2086 811 2135; x_wconf 83' lang='lat' dir='ltr'>Acarnanum,</span> <span class='ocrx_word' id='word_1_206' title='bbox 835 2086 1087 2128; x_wconf 87' lang='lat' dir='ltr'>laetissimus</span> <span class='ocrx_word' id='word_1_207' title='bbox 1110 2086 1274 2142; x_wconf 90' lang='lat' dir='ltr'>hospite</span> <span class='ocrx_word' id='word_1_208' title='bbox 1297 2093 1426 2129; x_wconf 88' lang='lat' dir='ltr'>tanto.</span> 
     </span>
     <span class='ocr_line' id='line_1_35' title="bbox 339 2141 1366 2199; baseline 0.002 -16"><span class='ocrx_word' id='word_1_209' title='bbox 339 2141 529 2197; x_wconf 84' lang='lat' dir='ltr'>protinus</span> <span class='ocrx_word' id='word_1_210' title='bbox 555 2142 767 2198; x_wconf 87' lang='lat' dir='ltr'>appositas</span> <span class='ocrx_word' id='word_1_211' title='bbox 790 2142 930 2184; x_wconf 89' lang='lat' dir='ltr'>nudae</span> <span class='ocrx_word' id='word_1_212' title='bbox 955 2142 1132 2198; x_wconf 87' lang='lat' dir='ltr'>vestigia</span> <span class='ocrx_word' id='word_1_213' title='bbox 1155 2142 1366 2199; x_wconf 86' lang='lat' dir='ltr'>nymphae</span> 
     </span>
     <span class='ocr_line' id='line_1_36' title="bbox 338 2198 1422 2254; baseline 0.002 -15"><span class='ocrx_word' id='word_1_214' title='bbox 338 2199 574 2240; x_wconf 86' lang='lat' dir='ltr'>instruxere</span> <span class='ocrx_word' id='word_1_215' title='bbox 599 2198 733 2253; x_wconf 90' lang='lat' dir='ltr'>epulis</span> <span class='ocrx_word' id='word_1_216' title='bbox 756 2213 942 2248; x_wconf 87' lang='lat' dir='ltr'>mensas,</span> <span class='ocrx_word' id='word_1_217' title='bbox 968 2198 1230 2254; x_wconf 87' lang='lat' dir='ltr'>dapibusque</span> <span class='ocrx_word' id='word_1_218' title='bbox 1253 2199 1422 2242; x_wconf 90' lang='lat' dir='ltr'>remotis</span> 
     </span>
     <span class='ocr_line' id='line_1_37' title="bbox 338 2254 1700 2311; baseline 0.004 -16"><span class='ocrx_word' id='word_1_219' title='bbox 338 2254 380 2295; x_wconf 91' lang='lat' dir='ltr'>in</span> <span class='ocrx_word' id='word_1_220' title='bbox 396 2269 566 2310; x_wconf 89' lang='lat' dir='ltr'>gemma</span> <span class='ocrx_word' id='word_1_221' title='bbox 583 2269 761 2309; x_wconf 89' lang='lat' dir='ltr'>posuere</span> <span class='ocrx_word' id='word_1_222' title='bbox 774 2269 950 2296; x_wconf 89' lang='lat' dir='ltr'>merum.</span> <span class='ocrx_word' id='word_1_223' title='bbox 987 2263 1077 2296; x_wconf 91' lang='lat' dir='ltr'>tum</span> <span class='ocrx_word' id='word_1_224' title='bbox 1095 2255 1304 2297; x_wconf 86' lang='lat' dir='ltr'>maximus</span> <span class='ocrx_word' id='word_1_225' title='bbox 1317 2255 1453 2305; x_wconf 89' lang='lat' dir='ltr'>heros,</span> <span class='ocrx_word' id='word_1_226' title='bbox 1468 2265 1700 2311; x_wconf 74' lang='lat' dir='ltr'>(Echinades.)</span> 
     </span>
     <span class='ocr_line' id='line_1_38' title="bbox 340 2310 1513 2366; baseline 0.003 -15"><span class='ocrx_word' id='word_1_227' title='bbox 340 2325 525 2364; x_wconf 88' lang='lat' dir='ltr'>aequora</span> <span class='ocrx_word' id='word_1_228' title='bbox 549 2310 807 2366; x_wconf 85' lang='lat' dir='ltr'>prospiciens</span> <span class='ocrx_word' id='word_1_229' title='bbox 832 2310 964 2353; x_wconf 88' lang='lat' dir='ltr'>oculis</span> <span class='ocrx_word' id='word_1_230' title='bbox 988 2311 1190 2360; x_wconf 88' lang='lat' dir='ltr'>subiecta,</span> <span class='ocrx_word' id='word_1_231' title='bbox 1216 2311 1350 2366; x_wconf 85' lang='lat' dir='ltr'>‘quis&#39;</span> <span class='ocrx_word' id='word_1_232' title='bbox 1375 2312 1513 2366; x_wconf 91' lang='lat' dir='ltr'>inquit</span> 
     </span>
    </p>

    <p class='ocr_par' dir='ltr' id='par_1_8' title="bbox 246 2366 1649 2647">
     <span class='ocr_line' id='line_1_39' title="bbox 246 2366 1499 2423; baseline 0 -13"><span class='ocrx_word' id='word_1_233' title='bbox 246 2378 314 2410; x_wconf 83' lang='grc'>575</span> <span class='ocrx_word' id='word_1_234' title='bbox 341 2367 431 2408; x_wconf 93' lang='lat' dir='ltr'>‘ille</span> <span class='ocrx_word' id='word_1_235' title='bbox 454 2366 614 2408; x_wconf 84' lang='lat' dir='ltr'>locus?’</span> <span class='ocrx_word' id='word_1_236' title='bbox 641 2367 857 2423; x_wconf 86' lang='lat' dir='ltr'>digitoque</span> <span class='ocrx_word' id='word_1_237' title='bbox 881 2367 1076 2417; x_wconf 89' lang='lat' dir='ltr'>ostendit,</span> <span class='ocrx_word' id='word_1_238' title='bbox 1101 2375 1142 2409; x_wconf 88' lang='lat' dir='ltr'>et</span> <span class='ocrx_word' id='word_1_239' title='bbox 1167 2368 1323 2410; x_wconf 89' lang='lat' dir='ltr'>‘insula</span> <span class='ocrx_word' id='word_1_240' title='bbox 1346 2382 1499 2410; x_wconf 89' lang='lat' dir='ltr'>nomen</span> 
     </span>
     <span class='ocr_line' id='line_1_40' title="bbox 339 2422 1634 2478; baseline 0.002 -14"><span class='ocrx_word' id='word_1_241' title='bbox 339 2422 455 2477; x_wconf 92' lang='lat' dir='ltr'>quod</span> <span class='ocrx_word' id='word_1_242' title='bbox 478 2430 598 2478; x_wconf 89' lang='lat' dir='ltr'>gerat</span> <span class='ocrx_word' id='word_1_243' title='bbox 620 2423 711 2473; x_wconf 87' lang='lat' dir='ltr'>illa,</span> <span class='ocrx_word' id='word_1_244' title='bbox 736 2423 839 2466; x_wconf 89' lang='lat' dir='ltr'>doce</span> <span class='ocrx_word' id='word_1_245' title='bbox 863 2447 919 2453; x_wconf 90' lang='lat'><strong>—</strong></span> <span class='ocrx_word' id='word_1_246' title='bbox 942 2438 1201 2478; x_wconf 91' lang='lat' dir='ltr'>quamquam</span> <span class='ocrx_word' id='word_1_247' title='bbox 1223 2438 1308 2465; x_wconf 91' lang='lat' dir='ltr'>non</span> <span class='ocrx_word' id='word_1_248' title='bbox 1332 2439 1418 2466; x_wconf 87' lang='lat' dir='ltr'>una</span> <span class='ocrx_word' id='word_1_249' title='bbox 1440 2424 1634 2466; x_wconf 66' lang='lat' dir='ltr'>videtur?</span> 
     </span>
     <span class='ocr_line' id='line_1_41' title="bbox 339 2478 1649 2534; baseline 0.002 -15"><span class='ocrx_word' id='word_1_250' title='bbox 339 2478 492 2521; x_wconf 90' lang='lat' dir='ltr'>Amnis</span> <span class='ocrx_word' id='word_1_251' title='bbox 517 2479 571 2520; x_wconf 91' lang='lat' dir='ltr'>ad</span> <span class='ocrx_word' id='word_1_252' title='bbox 594 2479 699 2521; x_wconf 88' lang='lat' dir='ltr'>haec</span> <span class='ocrx_word' id='word_1_253' title='bbox 723 2483 826 2521; x_wconf 89' lang='lat' dir='ltr'>‘non</span> <span class='ocrx_word' id='word_1_254' title='bbox 851 2480 946 2529; x_wconf 87' lang='lat' dir='ltr'>est’,</span> <span class='ocrx_word' id='word_1_255' title='bbox 970 2480 1105 2534; x_wconf 89' lang='lat' dir='ltr'>inquit</span> <span class='ocrx_word' id='word_1_256' title='bbox 1128 2480 1262 2534; x_wconf 89' lang='lat' dir='ltr'>‘quod</span> <span class='ocrx_word' id='word_1_257' title='bbox 1287 2480 1474 2530; x_wconf 88' lang='lat' dir='ltr'>cernitis,</span> <span class='ocrx_word' id='word_1_258' title='bbox 1497 2495 1649 2523; x_wconf 81' lang='lat' dir='ltr'>unum:</span> 
     </span>
     <span class='ocr_line' id='line_1_42' title="bbox 340 2534 1511 2591; baseline 0.003 -16"><span class='ocrx_word' id='word_1_259' title='bbox 340 2534 527 2589; x_wconf 89' lang='lat' dir='ltr'>quinque</span> <span class='ocrx_word' id='word_1_260' title='bbox 551 2535 690 2577; x_wconf 89' lang='lat' dir='ltr'>iacent</span> <span class='ocrx_word' id='word_1_261' title='bbox 714 2543 863 2578; x_wconf 86' lang='lat' dir='ltr'>terrae.</span> <span class='ocrx_word' id='word_1_262' title='bbox 924 2537 1104 2591; x_wconf 89' lang='lat' dir='ltr'>spatium</span> <span class='ocrx_word' id='word_1_263' title='bbox 1129 2536 1369 2578; x_wconf 89' lang='lat' dir='ltr'>discrimina</span> <span class='ocrx_word' id='word_1_264' title='bbox 1391 2536 1511 2579; x_wconf 89' lang='lat' dir='ltr'>fallit.</span> 
     </span>
     <span class='ocr_line' id='line_1_43' title="bbox 340 2591 1421 2647; baseline 0.003 -16"><span class='ocrx_word' id='word_1_265' title='bbox 340 2605 509 2644; x_wconf 90' lang='lat' dir='ltr'>quoque</span> <span class='ocrx_word' id='word_1_266' title='bbox 533 2591 673 2633; x_wconf 91' lang='lat' dir='ltr'>minus</span> <span class='ocrx_word' id='word_1_267' title='bbox 697 2599 862 2647; x_wconf 87' lang='lat' dir='ltr'>spretae</span> <span class='ocrx_word' id='word_1_268' title='bbox 886 2592 1046 2634; x_wconf 86' lang='lat' dir='ltr'>factum</span> <span class='ocrx_word' id='word_1_269' title='bbox 1069 2592 1218 2635; x_wconf 88' lang='lat' dir='ltr'>mirere</span> <span class='ocrx_word' id='word_1_270' title='bbox 1241 2592 1421 2643; x_wconf 85' lang='lat' dir='ltr'>Dianae,</span> 
     </span>
    </p>

    <p class='ocr_par' dir='ltr' id='par_1_9' title="bbox 247 2646 1620 2805">
     <span class='ocr_line' id='line_1_44' title="bbox 247 2646 1620 2704; baseline 0 -13"><span class='ocrx_word' id='word_1_271' title='bbox 247 2658 317 2691; x_wconf 90' lang='grc'>580</span> <span class='ocrx_word' id='word_1_272' title='bbox 340 2646 498 2689; x_wconf 89' lang='lat' dir='ltr'>Naides</span> <span class='ocrx_word' id='word_1_273' title='bbox 522 2646 602 2689; x_wconf 90' lang='lat' dir='ltr'>hae</span> <span class='ocrx_word' id='word_1_274' title='bbox 625 2647 804 2690; x_wconf 89' lang='lat' dir='ltr'>fuerant.</span> <span class='ocrx_word' id='word_1_275' title='bbox 865 2662 975 2702; x_wconf 88' lang='lat' dir='ltr'>quae</span> <span class='ocrx_word' id='word_1_276' title='bbox 999 2663 1097 2690; x_wconf 91' lang='lat' dir='ltr'>cum</span> <span class='ocrx_word' id='word_1_277' title='bbox 1120 2649 1184 2691; x_wconf 91' lang='lat' dir='ltr'>bis</span> <span class='ocrx_word' id='word_1_278' title='bbox 1210 2649 1396 2704; x_wconf 90' lang='lat' dir='ltr'>quinque</span> <span class='ocrx_word' id='word_1_279' title='bbox 1419 2649 1620 2693; x_wconf 87' lang='lat' dir='ltr'>iuvencos</span> 
     </span>
     <span class='ocr_line' id='line_1_45' title="bbox 340 2704 1412 2758; baseline 0.003 -14"><span class='ocrx_word' id='word_1_280' title='bbox 340 2709 596 2745; x_wconf 86' lang='lat' dir='ltr'>mactassent</span> <span class='ocrx_word' id='word_1_281' title='bbox 618 2704 809 2758; x_wconf 84' lang='lat' dir='ltr'>rurisque</span> <span class='ocrx_word' id='word_1_282' title='bbox 834 2704 935 2746; x_wconf 88' lang='lat' dir='ltr'>deos</span> <span class='ocrx_word' id='word_1_283' title='bbox 960 2704 1014 2746; x_wconf 89' lang='lat' dir='ltr'>ad</span> <span class='ocrx_word' id='word_1_284' title='bbox 1038 2719 1157 2747; x_wconf 88' lang='lat' dir='ltr'>sacra</span> <span class='ocrx_word' id='word_1_285' title='bbox 1180 2712 1412 2757; x_wconf 85' lang='lat' dir='ltr'>vocassent,</span> 
     </span>
     <span class='ocr_line' id='line_1_46' title="bbox 340 2758 1306 2805; baseline 0.004 -5"><span class='ocrx_word' id='word_1_286' title='bbox 340 2758 604 2803; x_wconf 87' lang='lat' dir='ltr'>immemores</span> <span class='ocrx_word' id='word_1_287' title='bbox 629 2761 760 2803; x_wconf 86' lang='lat' dir='ltr'>nostri</span> <span class='ocrx_word' id='word_1_288' title='bbox 782 2760 912 2804; x_wconf 86' lang='lat' dir='ltr'>festas</span> <span class='ocrx_word' id='word_1_289' title='bbox 937 2760 1095 2805; x_wconf 89' lang='lat' dir='ltr'>duxere</span> <span class='ocrx_word' id='word_1_290' title='bbox 1120 2761 1306 2805; x_wconf 88' lang='lat' dir='ltr'>choreas.</span> 
     </span>
    </p>
   </div>
   <div class='ocr_carea' id='block_1_5' title="bbox 1702 0 1786 369">
    <p class='ocr_par' dir='ltr' id='par_1_10' title="bbox 1702 0 1786 369">
     <span class='ocr_line' id='line_1_47' title="bbox 1702 0 1786 369; baseline 0 2873"><span class='ocrx_word' id='word_1_291' title='bbox 1702 0 1786 369; x_wconf 95' lang='lat' dir='ltr'> </span> 
     </span>
    </p>
   </div>
  </div>
 </body>
</html>
