1786 3242
364 279 448 322 208
808 287 852 322 P.
879 287 1044 324 OVIDII
1066 286 1282 324 NASONIS

364 369 399 410 si
423 368 548 411 modo
572 375 747 410 naturae
771 367 950 409 formam
974 367 1242 410 concedimus
1265 368 1338 410 illi.

271 438 338 470 395
363 425 495 466 barba
519 431 608 466 erat
630 423 854 478 incipiens,
880 423 1036 466 barbae
1059 424 1174 466 color
1195 439 1369 475 aureus,
1393 439 1523 470 aurea

363 496 415 522 ex
439 480 594 522 umeris
618 480 778 522 medios
803 494 924 522 coma
948 479 1211 535 dependebat
1234 480 1277 522 in
1301 495 1453 524 armos.

361 544 508 592 gratus
531 535 575 578 in
599 550 670 578 ore
694 535 815 591 vigor
822 552 834 586 3
860 535 1002 578 cervix
1026 535 1243 590 umerique
1266 551 1501 592 manusque

361 599 614 647 pectoraque
639 592 846 634 artificum
869 591 1049 634 laudatis
1073 592 1265 648 proxima
1288 593 1433 649 signis,

363 657 405 690 et
428 662 694 702 quacumque
718 648 782 690 vir
805 655 880 690 est.
938 662 1018 690 nec
1042 648 1139 703 equi
1162 648 1364 691 mendosa
1387 648 1468 692 sub
1490 649 1562 693 illo

269 718 338 749 400
363 704 626 759 deteriorque
651 704 740 746 viro
764 704 907 747 facies.
966 704 1021 746 da
1045 704 1153 746 colla
1175 712 1404 760 caputque:

363 758 538 802 Castore
563 760 716 816 dignus
741 760 831 803 erit.
891 760 950 803 sic
974 767 1140 816 tergum
1164 761 1327 812 sessile,
1351 761 1411 805 sic
1435 768 1548 806 stant

361 825 532 871 pectora
556 817 668 859 celsa
690 817 804 859 toris.
862 823 975 859 totus
999 817 1092 872 pice
1115 817 1273 873 nigrior
1295 824 1399 868 atra,

361 872 540 914 candida
564 873 699 914 cauda
722 880 877 923 tamen,
902 873 1016 915 color
1039 880 1103 916 est
1126 887 1294 928 quoque
1318 873 1510 918 cruribus
1533 874 1669 919 albus.

360 929 517 970 multae
540 928 658 970 illum
682 929 838 984 petiere
862 944 939 972 sua
962 929 1015 971 de
1038 936 1184 985 gente,
1209 930 1283 972 sed
1306 935 1392 973 una

268 998 335 1029 405
361 984 533 1026 abstulit
556 985 816 1040 Hylonome,
841 999 926 1040 qua
948 986 1064 1028 nulla
1088 986 1302 1028 decentior
1323 986 1432 1030 inter

361 1040 577 1083 semiferos
602 1041 695 1083 altis
719 1041 924 1083 habitavit
946 1041 1104 1084 femina
1127 1042 1254 1085 silvis.

360 1097 465 1138 haec
489 1104 529 1139 et
559 1097 771 1139 blanditiis
795 1105 837 1140 et
860 1098 1040 1140 amando
1065 1105 1106 1140 et
1129 1114 1271 1141 amare
1293 1098 1464 1142 fatendo

362 1151 563 1207 Cyllaron
586 1168 671 1195 una
694 1161 819 1196 tenet.
879 1154 1016 1196 cultus
1040 1168 1227 1210 quoque,
1252 1162 1434 1210 quantus
1457 1155 1502 1199 in
1524 1155 1607 1200 illis

360 1223 451 1250 esse
476 1216 614 1264 potest
635 1209 852 1252 membris:
876 1217 924 1252 ut
947 1211 999 1252 sit
1023 1225 1145 1253 coma
1166 1211 1331 1267 pectine
1354 1211 1473 1262 levis,

267 1278 336 1310 410
360 1272 405 1306 ut
429 1265 554 1306 modo
579 1279 672 1307 rore
695 1266 841 1316 maris,
865 1266 991 1308 modo
1015 1281 1061 1309 se
1084 1266 1248 1310 violave
1270 1281 1419 1311 rosave

358 1320 561 1376 implicet,
584 1321 794 1363 interdum
818 1322 1011 1365 canentia
1033 1322 1121 1365 lilia
1142 1330 1292 1379 gestet,

358 1377 508 1431 bisque
533 1377 600 1419 die
623 1378 752 1432 lapsis
775 1377 1022 1433 Pagasaeae
1045 1380 1200 1422 vertice
1225 1380 1355 1423 silvae

358 1433 544 1474 fontibus
569 1448 642 1475 ora
663 1435 794 1484 lavet,
818 1434 883 1476 bis
907 1434 1079 1478 flumine
1103 1449 1277 1491 corpora
1299 1436 1478 1492 tinguat,

357 1504 436 1532 nec
458 1489 539 1531 nisi
561 1503 670 1544 quae
695 1490 871 1533 deceant
893 1491 1203 1546 electarumque
1227 1491 1412 1535 ferarum

265 1557 333 1589 415
359 1552 431 1587 aut
454 1560 599 1587 umero
624 1552 697 1588 aut
719 1547 839 1589 lateri
862 1547 1110 1602 praetendat
1133 1548 1289 1590 vellera
1310 1549 1446 1594 laevo.

357 1617 435 1657 par
458 1616 575 1644 amor
598 1609 662 1644 est
684 1602 784 1644 illis:
810 1610 949 1645 errant
971 1603 1016 1645 in
1039 1604 1252 1646 montibus
1272 1619 1380 1652 una:

358 1665 479 1700 antra
503 1657 627 1700 simul
650 1659 845 1701 subeunt.
905 1667 947 1702 et
970 1667 1061 1701 tum
1085 1659 1312 1717 Lapitheia
1334 1668 1448 1704 tecta

356 1714 560 1756 intrarant
582 1715 750 1770 pariter,
773 1716 928 1771 pariter
951 1715 1042 1758 fera
1064 1717 1176 1758 bella
1197 1717 1414 1773 gerebant.

358 1777 503 1812 auctor
525 1770 569 1812 in
592 1771 750 1813 incerto
774 1779 855 1814 est:
880 1772 1065 1814 iaculum
1089 1772 1141 1815 de
1164 1780 1283 1828 parte
1307 1773 1474 1818 sinistra

265 1840 333 1871 420
357 1827 471 1868 venit
494 1834 536 1868 et
558 1826 753 1878 inferius,
778 1841 904 1882 quam
929 1829 1035 1870 collo
1059 1836 1230 1884 pectora
1253 1829 1444 1880 subsunt,

358 1881 545 1937 Cyllare,
570 1890 611 1925 te
635 1883 738 1925 fixit.
797 1899 927 1939 parvo
952 1899 1023 1926 cor
1046 1885 1219 1928 vulnere
1241 1886 1404 1929 laesum

356 1953 528 1994 corpore
553 1953 649 1981 cum
672 1946 759 1981 toto
782 1947 878 1995 post
900 1941 984 1982 tela
1008 1941 1161 1983 educta
1182 1941 1356 1984 refrixit.

355 1994 544 2049 protinus
569 1995 810 2050 Hylonome
833 1996 1058 2039 morientes
1082 1997 1238 2054 excipit
1260 2006 1375 2042 artus

354 2051 634 2106 impositaque
658 2067 787 2093 manu
811 2053 963 2095 vulnus
986 2053 1103 2096 fovet
1126 2068 1282 2109 oraque
1306 2055 1360 2097 ad
1384 2069 1458 2098 ora

262 2120 330 2151 425
355 2107 551 2149 admovet
575 2114 701 2161 atque
726 2108 890 2151 animae
913 2109 1092 2165 fugienti
1116 2110 1317 2154 obsistere
1341 2118 1532 2168 temptat.

354 2170 402 2205 ut
425 2163 539 2205 videt
563 2164 812 2214 extinctum,
838 2165 978 2215 dictis,
1003 2180 1111 2220 quae
1136 2166 1292 2209 clamor
1315 2167 1371 2209 ad
1394 2183 1516 2212 aures

354 2219 486 2262 arcuit
510 2220 570 2262 ire
594 2235 728 2270 meas,
753 2221 855 2271 telo,
881 2221 995 2276 quod
1018 2221 1256 2266 inhaeserat
1277 2223 1351 2274 illi,

352 2275 543 2318 incubuit
565 2276 829 2332 moriensque
853 2292 977 2320 suum
1002 2279 1221 2334 complexa
1244 2280 1441 2322 maritum
1465 2287 1542 2324 est.

353 2339 450 2374 ante
474 2332 616 2374 oculos
642 2339 724 2375 stat
747 2341 789 2376 et
811 2333 880 2376 ille
905 2349 1040 2385 meos,
1065 2335 1138 2390 qui
1162 2350 1265 2378 sena
1286 2336 1457 2379 leonum

260 2401 328 2432 430
353 2388 544 2430 vinxerat
566 2388 674 2431 inter
698 2404 743 2432 se
767 2391 936 2432 conexis
960 2391 1116 2433 vellera
1138 2391 1273 2442 nodis,

351 2444 652 2495 Phaeocomes,
677 2445 973 2501 hominemque
997 2447 1122 2490 simul
1144 2455 1355 2503 protectus
1379 2463 1641 2506 equumque:

352 2500 525 2543 caudice
549 2501 622 2555 qui
646 2502 793 2552 misso,
818 2517 946 2557 quem
969 2503 1040 2545 vix
1063 2504 1165 2559 iuga
1188 2504 1288 2546 bina
1311 2513 1541 2557 moverent,

351 2556 597 2612 Tectaphon
623 2556 835 2601 Oleniden
858 2575 883 2601 a
907 2574 1070 2602 summo
1095 2561 1250 2603 vertice
1274 2560 1413 2617 fregit.

352 2619 416 2654 ast
440 2628 532 2668 ego,
557 2613 659 2655 dum
682 2622 802 2670 parat
826 2614 893 2658 hic
917 2615 1042 2658 armis
1066 2616 1226 2659 nudare
1249 2616 1456 2660 iacentem

259 2681 324 2712 435
350 2667 448 2720 (scit
471 2677 567 2711 tuus
593 2669 672 2712 hoc
695 2671 891 2727 genitor),
915 2671 1104 2727 gladium
1128 2673 1342 2728 spoliantis
1364 2673 1408 2716 in
1431 2673 1518 2717 ima

349 2724 420 2766 ilia
443 2725 602 2767 demisi.
663 2725 899 2770 Chthonius
924 2742 1092 2783 quoque
1117 2728 1409 2784 Teleboasque

350 2795 447 2822 ense
471 2781 609 2825 iacent
633 2790 788 2825 nostro.
847 2799 1011 2827 ramum
1035 2783 1149 2841 prior
1171 2785 1241 2828 ille
1265 2785 1476 2829 bifurcum
