1786 3242
395 244 476 286 136
838 252 882 288 P.
909 253 1073 290 OVIDII
1096 253 1311 291 NASONIS

394 333 522 389 stipes
546 339 652 382 erat,
678 347 823 387 quem,
850 348 946 375 cum
970 341 1116 399 partus
1140 334 1264 376 enixa
1285 334 1441 378 iaceret

393 389 607 439 Thestias,
631 389 675 430 in
698 389 911 430 flammam
934 389 1117 445 triplices
1141 404 1317 445 posuere
1342 406 1524 442 sorores3

393 445 654 499 staminaque
678 445 879 500 impresso
904 445 1048 487 fatalia
1072 446 1220 511 pollice
1244 454 1391 490 nentes
1525 458 1527 460 ’

393 501 618 556 ‘tempora'
645 501 839 543 dixerunt
863 501 1031 544 ‘eadem
1054 502 1254 558 hgnoque
1278 503 1452 558 tibique,

301 570 367 601 455
393 571 418 598 o
442 557 568 598 modo
592 564 708 607 nate,
734 557 909 599 damus!
968 572 1052 613 quo
1075 566 1299 613 postquam
1323 559 1506 604 carmine
1530 559 1646 604 (ficto

392 627 608 655 excessere
633 613 755 664 deae,
778 614 1026 669 flagrantem
1050 621 1185 657 mater
1207 615 1262 657 ab
1285 615 1384 672 igne

394 669 545 725 eripuit
568 684 732 711 ramum
756 670 990 726 sparsitque
1013 670 1270 725 liquentibus
1294 672 1431 714 undis.

391 725 462 767 ille
487 726 559 767 diu
583 726 721 768 fuerat
743 727 1027 782 penetralibus
1052 727 1219 769 abditus
1242 728 1350 778 imis,

394 789 667 836 servatusque
691 789 805 833 tuos,
829 783 1013 833 iuvenis,
1038 791 1277 826 servaverat
1300 798 1444 827 annos.

301 851 369 884 460
391 838 565 893 protulit
587 838 699 880 hunc
722 839 914 895 genetrix
938 840 1166 894 taedasque
1191 848 1233 882 et
1255 841 1465 897 fragmina
1486 841 1590 897 poni

392 895 590 950 imperat,
615 903 656 937 et
680 895 825 951 positis
849 896 1039 938 inimicos
1065 896 1261 939 admovet
1283 897 1416 952 ignes.

392 958 484 992 tum
508 958 658 993 conata
680 959 829 1006 quater
851 952 1029 994 flammis
1053 952 1267 1008 imponere
1291 969 1468 1004 ramum,

393 1014 542 1063 coepta
565 1015 714 1062 quater
737 1008 882 1050 tenuit.
940 1017 1132 1065 pugnant
1155 1016 1372 1064 materque
1396 1023 1613 1065 sororque,

393 1070 435 1105 et
459 1063 623 1106 diversa
646 1064 816 1106 trahunt
839 1080 972 1107 unum
996 1066 1080 1107 duo
1104 1066 1274 1108 nomina
1296 1073 1456 1122 pectus.

300 1133 367 1165 465
393 1134 517 1175 saepe
541 1127 657 1162 metu
681 1121 846 1163 sceleris
871 1122 1086 1177 pallebant
1109 1136 1182 1163 ora
1205 1122 1354 1164 futuri:

392 1190 518 1231 saepe
542 1191 665 1218 suum
689 1176 856 1220 fervens
881 1178 1012 1219 oculis
1037 1178 1162 1220 dabat
1185 1179 1247 1220 ira
1270 1178 1480 1222 ruborem.

392 1239 434 1274 et
457 1232 582 1274 modo
605 1233 746 1275 nescio
770 1234 871 1287 quid
896 1234 1041 1275 similis
1066 1234 1234 1277 crudele
1258 1235 1434 1277 minanti

391 1288 532 1330 vultus
556 1296 663 1339 erat,
687 1290 812 1331 modo
837 1304 963 1344 quem
986 1291 1172 1333 misereri
1197 1291 1365 1334 credere
1388 1305 1548 1347 posses.

392 1358 573 1398 cumque
597 1345 712 1388 ferus
736 1346 929 1388 lacrimas
954 1347 1081 1388 animi
1105 1347 1335 1390 siccaverat
1358 1348 1495 1397 ardor,

299 1415 367 1447 470
391 1400 710 1443 inveniebantur
732 1402 928 1444 lacrimae
952 1409 1106 1445 tamen.
1164 1410 1294 1458 utque
1318 1404 1473 1454 carina,

392 1472 519 1511 quam
542 1465 692 1499 ventus
717 1465 923 1512 ventoque
947 1459 1057 1514 rapit
1080 1460 1309 1501 contrarius
1334 1467 1488 1510 aestus,

390 1513 477 1554 vim
500 1514 711 1568 geminam
736 1515 861 1556 sentit
885 1522 1087 1570 paretque
1110 1515 1270 1557 incerta
1293 1516 1478 1558 duobus:

390 1569 587 1611 Thestias
611 1570 726 1612 haud
750 1571 870 1613 aliter
894 1571 1032 1613 dubiis
1057 1571 1278 1614 affectibus
1302 1579 1413 1615 errat

391 1625 519 1679 inque
542 1626 655 1669 vices
679 1627 797 1682 ponit
819 1627 1082 1683 positamque
1106 1628 1326 1671 resuscitat
1347 1629 1466 1671 iram.

299 1697 366 1728 475
391 1682 537 1737 incipit
560 1697 651 1724 esse
675 1691 815 1725 tamen
839 1684 986 1726 melior
1009 1699 1211 1739 germana
1234 1693 1421 1740 parente,

392 1745 432 1780 et
456 1739 790 1794 consanguineas
813 1747 862 1781 ut
885 1741 1089 1796 sanguine
1111 1741 1240 1783 leniat
1262 1741 1449 1791 umbras,

389 1794 604 1850 impietate
627 1795 698 1850 pia
721 1803 797 1838 est.
855 1811 954 1838 nam
977 1804 1201 1852 postquam
1223 1797 1396 1853 pestifer
1417 1797 1528 1853 ignis

390 1851 621 1901 convaluit,
647 1855 794 1906 ‘rogus
817 1852 895 1894 iste
921 1859 1076 1895 cremet
1098 1867 1194 1895 mea
1216 1853 1395 1896 viscera'
1420 1853 1538 1895 dixit.

389 1914 521 1961 utque
545 1922 672 1949 manu
699 1908 789 1950 dira
810 1909 972 1964 lignum
996 1909 1123 1951 fatale
1147 1909 1329 1960 tenebat,

297 1978 366 2010 480
391 1972 486 2005 ante
511 1964 763 2019 sepulcrales
787 1964 933 2007 infelix
957 1965 1086 2006 astitit
1109 1981 1216 2016 aras,

391 2024 402 2042 ‘
440 2020 743 2074 oenarum'que
769 2021 891 2063 ‘deae
915 2021 1117 2077 triplices,
1141 2021 1389 2072 furialibus:
1413 2021 1551 2077 inquit

390 2080 401 2099 ‘
455 2076 690 2126 umenides,
715 2077 843 2119 sacris
866 2078 1007 2119 vultus
1032 2078 1234 2120 advertite
1259 2086 1431 2120 vestros.

388 2132 568 2174 ulciscor
591 2133 783 2188 facioque
807 2133 945 2175 nefas:
969 2148 1081 2176 mors
1106 2141 1239 2177 morte
1262 2134 1417 2190 pianda
1441 2142 1522 2177 est:

387 2188 431 2230 in
455 2189 591 2231 scelus
616 2189 857 2231 addendum
880 2191 1015 2232 scelus
1041 2197 1123 2241 est,
1147 2191 1191 2232 in
1213 2190 1363 2233 funera
1385 2191 1535 2234 funusz

296 2259 363 2292 485
388 2260 464 2300 per
488 2253 755 2288 coacervatos
780 2254 925 2302 pereat
949 2247 1097 2289 domus
1121 2247 1250 2302 impia
1272 2247 1423 2290 luctus.

388 2317 443 2342 an
467 2301 568 2343 felix
593 2300 767 2344 Oeneus
791 2310 889 2344 nato
913 2303 1069 2346 victore
1092 2302 1267 2352 fruetur,

388 2357 588 2400 Thestius
612 2358 739 2400 orbus
764 2359 864 2401 erit?
910 2360 1060 2401 melius
1083 2359 1281 2415 lugebitis
1306 2359 1444 2402 ambo.

387 2428 462 2455 vos
488 2414 627 2465 modo,
652 2415 825 2457 fraterni
849 2415 1001 2458 Manes
1026 2416 1274 2470 animaeque
1297 2423 1502 2467 recentes,

388 2470 575 2512 officium
600 2472 748 2514 sentite
771 2487 932 2522 meum,
956 2486 1195 2528 magnoque
1218 2479 1387 2527 paratas

297 2541 363 2572 490
389 2527 564 2582 accipite
587 2527 778 2578 inferias,
802 2529 910 2571 uteri
933 2529 1045 2570 mala
1067 2529 1246 2584 pignora
1269 2528 1413 2570 nostri.
1436 2551 1496 2559 —-

389 2583 427 2624 ei
451 2582 572 2625 mihil
609 2598 693 2638 quo
717 2584 880 2640 rapior?
914 2585 1083 2635 frat-res,
1107 2584 1311 2640 ignoscite
1333 2584 1476 2627 matri!

389 2639 587 2682 deficiunt
611 2641 664 2682 ad
689 2648 838 2696 coepta
860 2656 1023 2683 manus.
1082 2641 1283 2683 meruisse
1307 2641 1489 2683 fatemur

387 2696 524 2745 illum,
550 2710 626 2738 cur
648 2706 810 2752 pereat:
835 2698 979 2739 mortis
1003 2697 1106 2739 mihi
1129 2697 1322 2753 displicet
1345 2703 1505 2739 auctor.

388 2766 490 2807 ergo
514 2752 684 2808 impune
709 2753 833 2803 feret,
858 2754 1063 2809 vivusque
1088 2761 1128 2797 et
1152 2753 1286 2796 victor
1309 2760 1351 2797 et
1373 2753 1466 2810 ipso
