1786 3242
376 246 457 290 118
790 255 835 291 Ρ.
861 255 1026 293 OVIDII
1050 255 1265 293 NASONIS

373 351 501 379 causa
523 350 678 379 nocens
703 336 852 386 cladis,
876 343 1112 392 pugnatum
1135 345 1198 380 est
1222 344 1310 380 arte
1334 338 1543 382 medendi.

372 393 545 435 exitium
569 392 795 447 superabat
819 406 962 447 opem,
986 407 1095 447 quae
1119 394 1229 436 victa
1252 394 1429 437 iacebat.

371 447 575 503 principio
599 448 762 490 caelum
786 448 921 514 spissa
944 449 1122 504 caligine
1147 457 1277 492 terras

370 504 520 559 pressit
544 510 586 546 et
607 503 784 559 ignavos
807 505 978 547 mclusit
999 505 1183 548 nubibus
1207 514 1362 549 aestus.

280 573 347 604 530
371 560 556 615 dumque
580 567 729 615 quater
751 561 904 603 iunctis
929 562 1112 616 explevit
1135 563 1331 605 cornibus
1354 563 1500 606 orbem

369 617 490 666 luna,
514 623 664 671 quater
685 617 857 672 plenum
880 625 1052 660 tenuata
1073 619 1254 661 retexuit
1276 619 1435 671 orbem,

369 673 542 715 letiferis
567 673 691 715 calidi
714 673 922 729 spirarunt
946 674 1115 716 flatibus
1139 676 1282 718 austri.

371 736 534 771 constat
557 736 599 772 et
621 729 666 771 in
687 729 825 772 sontes
849 730 997 772 vitium
1021 731 1186 774 venisse
1209 732 1424 788 lacusque,

369 785 568 840 miliaque
591 786 772 828 incultos
795 796 1037 842 serpentum
1062 789 1194 830 multa
1216 803 1294 844 per
1316 803 1440 845 agros

279 851 345 884 535
370 856 530 884 errasse
554 849 680 896 atque
705 843 791 884 suis
815 843 964 885 fluvios
988 851 1213 887 temerasse
1237 846 1422 888 venenis.

369 905 509 953 strage
533 912 684 940 canum
708 899 843 954 primo
868 900 1170 955 volucrumque
1195 901 1421 956 oviumque
1444 901 1673 957 boumque,

368 954 496 1008 inque
519 954 619 996 feris
644 955 772 996 subiti
796 955 1000 1011 deprensa
1023 957 1211 1012 potentia
1234 958 1382 1000 morbi.

369 1011 588 1053 concidere
610 1011 758 1053 infelix
782 1012 942 1054 validos
967 1013 1142 1055 miratur
1166 1021 1306 1056 arator

367 1066 476 1109 int-er
499 1081 604 1122 opus
628 1074 770 1110 tauros
794 1069 1018 1123 medioque
1041 1070 1285 1113 recumbere
1309 1071 1439 1114 sulco.

277 1133 345 1165 540
367 1123 566 1178 lanigeris
589 1124 791 1179 gregibus
815 1125 980 1167 balatus
1005 1125 1202 1168 dantibus
1226 1141 1376 1183 aegros

369 1186 517 1234 sponte
541 1195 618 1221 sua
641 1180 846 1234 lanaeque
871 1181 1028 1223 cadunt
1051 1190 1094 1225 et
1118 1197 1293 1238 corpora
1315 1184 1472 1226 tabent.

368 1249 465 1277 acer
488 1249 621 1290 equus
646 1237 858 1290 quondam
881 1252 1145 1293 magnaeque
1169 1239 1212 1280 in
1236 1241 1409 1295 pulvere
1433 1240 1574 1283 famae

368 1291 596 1348 degenerat
618 1293 800 1347 palmas,
824 1301 1097 1348 veterumque
1121 1295 1275 1338 oblitus
1299 1296 1507 1338 honorum

367 1348 423 1389 ad
445 1363 673 1404 praesaepe
697 1350 828 1404 gemit
851 1350 998 1392 morbo
1022 1352 1248 1394 moriturus
1271 1353 1407 1395 inerti.

277 1414 343 1445 545
367 1418 452 1446 non
476 1419 578 1460 aper
600 1405 724 1447 irasci
747 1406 954 1456 meminit,
977 1421 1062 1448 non
1086 1407 1214 1450 fidere
1239 1423 1366 1451 cursu

367 1475 508 1510 cerva,
532 1475 610 1503 nec
634 1462 831 1503 armentis
855 1462 1067 1505 incurrere
1090 1463 1269 1507 fortibus
1293 1465 1392 1507 ursi.

367 1516 509 1558 omnia
531 1517 711 1572 languor
733 1517 879 1560 habet:
906 1519 1104 1574 silvisque
1129 1521 1326 1575 agrisque
1349 1521 1512 1577 viisque

366 1587 542 1629 corpora
564 1573 691 1616 foeda
713 1574 869 1616 iacent:
895 1575 1095 1617 vitiantur
1118 1577 1317 1619 odoribus
1341 1592 1482 1620 aurae.

364 1628 471 1671 mira
493 1630 660 1683 loquar:
685 1644 770 1672 non
793 1630 866 1673 illa
889 1646 1014 1674 canes
1038 1632 1271 1687 avidaeque
1294 1634 1500 1685 volucres,

275 1696 342 1728 550
364 1700 450 1727 non
474 1686 567 1728 cani
592 1686 767 1742 tetigere
790 1687 899 1743 lupi3
925 1688 1088 1744 dilapsa
1110 1689 1348 1743 liquescunt

328 1761 330 1763 ·
365 1742 606 1796 adflatuque
629 1750 781 1785 nocent
807 1752 849 1785 et
872 1752 1005 1799 agunt
1029 1745 1225 1801 conta-gia
1247 1746 1345 1788 late.

364 1798 556 1853 pervenit
580 1798 633 1840 ad
657 1799 831 1841 miseros
856 1800 1010 1842 damno
1033 1801 1226 1857 graviore
1251 1803 1419 1845 colonos

364 1854 491 1909 pestis
515 1861 557 1896 et
579 1855 622 1896 in
647 1870 826 1911 magnae
851 1856 1090 1899 dominatur
1111 1858 1332 1901 moenibus
1356 1859 1486 1902 urbis.

364 1910 526 1952 viscera
549 1917 759 1953 torrentur
781 1912 936 1967 primo,
959 1913 1238 1968 flammaeque
1261 1915 1428 1957 latentis

273 1978 339 2010 555
364 1966 566 2008 indicium
590 1967 719 2009 rubor
742 1975 805 2010 est
829 1975 870 2010 et
894 1969 1044 2011 ductus
1069 1970 1277 2012 anhelitus
1300 1971 1403 2027 igni.

363 2037 512 2078 aspera
534 2023 681 2079 lingua
703 2031 855 2074 tumet,
879 2026 1115 2081 tepidisque
1139 2027 1300 2069 arentia
1321 2027 1458 2071 ventis

363 2093 438 2121 ora
460 2086 624 2135 patent,
649 2094 859 2135 auraeque
883 2096 1035 2137 graves
1059 2090 1282 2137 captantur
1303 2083 1434 2127 hiatu.

362 2150 447 2177 non
472 2142 666 2186 stratum,
690 2150 776 2178 non
799 2138 885 2179 ulla
908 2138 997 2193 pati
1019 2139 1228 2181 velamina
1251 2147 1440 2196 possunt,

363 2191 469 2234 dura
493 2192 568 2234 sed
591 2192 634 2234 in
658 2200 769 2234 terra
792 2201 954 2248 ponunt
977 2195 1235 2250 praecordia.
1292 2211 1371 2239 nec
1393 2197 1441 2239 fit

271 2259 339 2293 560
363 2262 514 2304 corpus
538 2248 666 2290 humo
690 2249 897 2305 gelidum,
923 2251 997 2292 sed
1020 2250 1174 2293 humus
1199 2252 1251 2294 de
1275 2267 1448 2310 corpore
1471 2252 1620 2297 fervet.

361 2319 440 2347 nec
463 2305 702 2352 moderator
725 2305 863 2357 adest3
887 2306 1015 2361 inque
1038 2307 1151 2363 ipsos
1175 2323 1302 2350 saeva
1323 2309 1540 2352 medentes

362 2360 545 2416 erumpit
568 2361 727 2412 clades,
752 2362 990 2417 obsuntque
1015 2364 1256 2406 auctoribus
1281 2372 1406 2408 artes.

362 2431 446 2471 quo
470 2417 640 2473 propior
663 2418 841 2473 quisque
866 2426 928 2461 est
952 2419 1162 2475 servitque
1184 2420 1350 2463 fidelius
1374 2436 1516 2478 aegro,

359 2473 404 2515 in
427 2480 590 2529 partem
612 2474 686 2516 leti
709 2474 831 2517 citius
855 2475 981 2518 venit.
1039 2483 1168 2531 utque
1192 2477 1338 2519 salutis

270 2542 336 2574 565
361 2545 457 2585 spes
481 2530 602 2580 abiit,
627 2530 839 2586 finemque
862 2532 1007 2574 vident
1027 2532 1072 2574 in
1095 2533 1242 2576 funere
1266 2533 1415 2585 morbi,

359 2586 581 2641 indulgent
604 2587 773 2643 animis,
798 2595 840 2630 et
862 2588 996 2638 nulla,
1020 2588 1124 2643 quid
1146 2589 1271 2640 utile,
1295 2604 1397 2632 cura
1420 2597 1502 2633 est:

359 2642 462 2684 utile
487 2643 598 2684 enim
622 2643 726 2684 nihil
751 2650 827 2685 est.
886 2645 1042 2700 passim
1066 2645 1287 2701 positoque
1310 2646 1471 2702 pudore

358 2698 547 2740 fontibus
572 2706 614 2741 et
636 2699 774 2741 fluviis
797 2701 1020 2755 puteisque
1045 2701 1270 2758 capacibus
1293 2702 1486 2745 haerent:

360 2768 439 2796 nec
463 2754 553 2796 sitis
578 2762 641 2797 est
666 2755 849 2799 extincta
872 2757 1002 2812 prius,
1027 2771 1155 2813 quam
1178 2758 1284 2809 vita,
1307 2758 1506 2802 bibendo.
