1786 3242
335 235 829 274 METAMORPHOSEON
851 236 951 273 LIB.
974 236 1081 275 VIII.
1107 235 1255 273 10-97.
1400 225 1483 268 127

32 323 66 369 ξζῑ
110 320 239 369 vellet
262 318 366 364 emi:
391 325 558 362 tantum
581 318 740 375 patrias
764 333 818 361 ne
873 324 1035 361 oseeret
1058 332 1190 360 arces·

109 380 211 424 nun
232 382 409 434 pereant
430 375 573 432 potius
597 382 766 432 sperata
788 390 841 418 eu
873 375 964 425 ilia,
989 389 1116 430 quam
1140 374 1222 417 sim

109 433 348 495 proditione
370 440 535 489 potens.
593 432 788 487 quamvis
813 447 940 488 saepe
963 431 1067 474 utile
1090 431 1205 474 vinei

19 490 68 546 523,
109 489 280 536 victoris
302 489 460 546 placidi
483 488 584 532 feeit
608 489 832 531 elementia
854 488 1012 531 multis.

110 548 224 593 iusta
244 546 357 604 gerit
379 553 493 589 certe
517 560 594 602 pro
618 552 719 588 nato
745 546 855 588 bella
876 552 1098 601 perempto

109 611 154 650 et
175 616 389 658 causaque
412 602 526 645 valet
550 616 808 657 causamque
832 602 1048 645 tuentibus
1074 601 1219 644 armis:

109 667 172 712 et,
194 666 313 718 puto,
336 659 569 702 vincemur.
627 658 702 713 qui
726 658 762 700 si
785 666 926 701 manet
951 659 1089 701 exitus
1113 658 1277 710 urbem,

109 731 187 762 our
209 731 311 760 suus
334 715 442 759 haee
464 715 527 758 illi
548 722 706 758 reseret
729 730 826 758 mea
849 715 1017 758 moenia
1039 715 1230 765 Mavors,

20 782 62 827 :j
109 781 153 819 et
173 788 261 817 non
283 780 428 816 noster
451 772 596 815 amor?
619 771 770 814 melius
795 771 886 814 sine
910 770 1039 815 caede
1062 785 1267 827 moraque

20 834 60 884 53}-
106 830 385 888 impensaque
409 828 475 871 sui
497 828 652 885 poterit
675 843 876 884 superare
900 828 1075 870 cruoris.

19 906 61 939 1*
106 903 208 932 nam
229 894 418 930 metuam
442 892 575 936 certe,
599 900 654 928 ne
678 885 773 941 quis
797 893 872 927 tua
896 892 1081 941 pectora,
1104 884 1265 936 Minos,

106 944 300 988 vulneret
321 942 568 1000 imprudens
591 966 650 973 —
671 942 768 998 quis
792 942 905 985 enim
929 949 1018 984 tam
1042 941 1194 992 durus,
1219 949 1266 984 ut
1289 941 1333 985 in
1359 951 1401 986 te

107 1000 290 1059 diligere
313 999 520 1043 immitem
542 1013 630 1042 non
653 998 811 1042 inscius
836 999 992 1042 audeat
1016 998 1208 1041 hastam?

35 1070 54 1102 'r
106 1065 258 1115 coepta
278 1057 468 1114 placent3
491 1063 535 1099 et
558 1063 641 1098 stat
665 1056 893 1106 sententia,
917 1056 1083 1098 tradere
1107 1071 1277 1099 meeum

33 1110 57 1171 321
106 1114 291 1158 dotalem
313 1114 513 1171 patriam,
537 1113 750 1168 finemque
774 1113 992 1169 imponere
1016 1113 1142 1155 bello.

32 1167 53 1226 f·
105 1186 254 1215 verum
277 1171 387 1214 velle
410 1185 561 1227 parum
586 1178 662 1212 est.
721 1170 862 1212 aditus
887 1170 1080 1212 custodia
1104 1178 1243 1213 servat
1250 1186 1262 1222 3

27 1232 45 1279 ᾗ
105 1228 371 1283 claustraque
394 1234 612 1284 portarum
635 1227 802 1283 genitor
825 1234 953 1270 tenet.
1012 1227 1126 1269 hune
1151 1242 1232 1284 ego
1257 1228 1396 1270 solum

105 1284 254 1328 infelix
277 1284 420 1334 timeo,
445 1284 560 1326 solus
583 1299 680 1326 mea
702 1290 801 1326 vota
824 1291 1027 1326 moratur.

47 1371 49 1374 .
105 1341 150 1398 di
171 1341 380 1392 facerent,
405 1340 496 1384 sine
520 1348 640 1397 patre
664 1340 821 1383 forem!
870 1341 951 1383 sibi
975 1340 1155 1396 quisque
1180 1341 1371 1397 profecto

30 1397 46 1414 ²
104 1405 170 1442 est
193 1398 316 1442 deus:
339 1397 508 1454 ignavis
531 1398 730 1454 precibus
754 1398 947 1440 Fortuna
970 1406 1194 1454 repugnat.

104 1455 238 1499 altera
259 1454 508 1497 iamdudum
532 1469 736 1498 succensa
760 1455 959 1511 cupidine
983 1462 1101 1496 tanto

103 1511 280 1569 perdere
303 1511 528 1568 gauderet,
551 1511 852 1566 quodcumque
876 1511 1063 1554 obstaret
1086 1512 1233 1555 amori.

103 1575 147 1613 et
169 1583 246 1612 eur
268 1568 357 1611 ulla
379 1568 489 1611 foret
511 1583 580 1611 me
604 1568 778 1610 fortior?
801 1569 861 1612 ire
885 1583 963 1625 per
985 1569 1106 1625 ignes

103 1633 147 1670 et
169 1625 334 1683 gladios
357 1624 513 1668 ausiml
549 1639 629 1668 nee
652 1625 696 1667 in
719 1625 801 1668 hoe
824 1633 967 1668 tamen
990 1625 1163 1681 ignibus
1186 1626 1283 1669 ullis

103 1690 178 1726 aut
200 1682 354 1739 gladiis
377 1697 486 1739 opus
509 1689 594 1733 est3
619 1697 725 1739 opus
750 1690 816 1725 est
838 1682 943 1724 mihi
966 1683 1081 1725 erine
1104 1689 1295 1739 paterno.

77 1771 81 1773 -
101 1739 175 1783 illa
196 1739 302 1782 mihi
325 1746 390 1782 est
413 1753 518 1781 auro
539 1739 775 1795 pretiosior,
799 1739 873 1781 illa
897 1739 1067 1782 beatam

43 1851 45 1854 .
102 1811 132 1854 p
214 1811 292 1839 ura
315 1811 383 1839 me
407 1795 578 1851 votique
602 1796 686 1838 mei
710 1795 876 1838 factura
899 1803 1128 1852 potentem.

114 1872 120 1895 a
199 1853 283 1896 alia
306 1852 462 1896 dicenti
485 1867 683 1895 curarum
707 1853 895 1895 maxima
917 1853 1062 1895 nutrix

10 1954 14 1959 .,
101 1924 188 1954 nox
210 1909 455 1959 intervenit,
478 1909 748 1965 tenebrisque
774 1910 953 1952 audacia
977 1910 1122 1952 erevit.

46 2009 50 2023 ἶ
101 1981 239 2025 prima
261 1966 382 2023 quies
406 1966 571 2016 aderat,
595 1981 682 2022 qua
705 1967 816 2009 euris
840 1967 954 2010 fessa
977 1967 1139 2009 diurnis

46 2060 50 2071 2
100 2030 274 2091 pectora
297 2038 470 2067 somnus
493 2023 636 2066 habet.
696 2023 905 2066 thalamos
930 2024 1141 2067 taciturna
1163 2032 1362 2081 paternos

100 2087 248 2132 intrat,
272 2088 314 2125 et
336 2080 421 2124 heu
444 2080 629 2123 faeinusl
665 2080 784 2123 vitali
807 2089 908 2123 nata
930 2088 1150 2137 parentem

101 2137 216 2182 erine
239 2152 365 2180 suum
389 2137 560 2194 spoliat,
584 2138 828 2194 praedaque
853 2139 988 2194 potita
1010 2139 1197 2181 nefanda

99 2195 184 2239 fert
206 2209 352 2238 seeum
376 2194 558 2251 spolium
581 2195 771 2245 sceleris,
796 2210 1106 2251 progressaque
1129 2203 1253 2251 porta

98 2266 177 2310 per
197 2251 360 2295 medios
385 2251 528 2295 hostes
550 2276 609 2282 —
630 2252 770 2295 meriti
793 2252 951 2294 fiducia
974 2259 1092 2295 tanta
1116 2260 1181 2295 est
1203 2277 1262 2284 -

99 2308 293 2366 pervenit
315 2308 372 2351 ad
394 2323 553 2365 regem.
597 2323 725 2365 quem
749 2309 809 2352 sie
833 2309 980 2351 adfata
1002 2316 1228 2375 paventem
1252 2317 1335 2353 est:

99 2365 252 2409 ‘suasit
275 2380 394 2408 amor
415 2365 595 2409 facinus.
654 2367 794 2423 proles
819 2381 899 2422 ego
924 2381 1043 2423 tegla
1065 2366 1160 2408 Nisi

100 2421 246 2480 Scylla
267 2422 345 2465 tibi
367 2422 489 2465 trado
513 2422 761 2479 patriaeque
783 2437 988 2478 meosque
1010 2423 1210 2466 Penates.

96 2480 286 2537 praemia
307 2479 427 2522 nulla
448 2487 566 2536 peto,
591 2480 672 2522 nisi
695 2487 750 2522 te.
810 2495 915 2536 cape
938 2480 1095 2536 pignus
1118 2480 1273 2523 amoris

96 2551 358 2594 purpureum
381 2536 554 2580 crinem.
611 2551 691 2580 nee
713 2552 782 2579 me
806 2552 920 2579 nunc
943 2537 1109 2580 tradere
1133 2537 1306 2588 crinem,

54 2614 71 2622 ν
97 2594 173 2637 sed
195 2593 381 2651 patrium
405 2593 483 2636 tibi
506 2594 631 2636 erede
656 2593 811 2650 eaput,’
837 2594 1126 2649 scelerataque
1150 2594 1301 2637 dextra

96 2665 274 2694 munera
296 2650 496 2707 porrexit.
538 2650 685 2694 Minos
709 2658 904 2707 porrecta
926 2651 1098 2708 refugit,

31 2751 46 2766 ,ν
95 2707 374 2763 turbatusque
397 2707 498 2750 novi
521 2708 738 2764 respondit
761 2708 947 2765 imagine
971 2708 1093 2751 facti:

14 2763 56 2827 3
94 2763 158 2807 ‘di
180 2771 223 2808 te
247 2772 562 2816 summoveant,
587 2779 613 2808 ο
636 2765 769 2808 nostri
792 2765 968 2809 infamia
992 2765 1133 2817 saecli,

12 1581 54 1702 “g“l—‘Q'
27 1510 50 1568 *2212‘*
42 1495 46 1501 r

46 1847 54 1858 w
31 1759 59 1816 “za-5·

27 2457 57 2546 >345¹th
36 2407 47 2419 c
44 2339 53 2361 Q
36 2230 47 2238 ¹.

1509 387 1558 420 55

1509 672 1560 706 60

1509 956 1557 989 65

1508 1242 1557 1273 70

1507 1527 1553 1560 ⁷5

1503 1812 1553 1846 80

1501 2098 1548 2130 85

1500 2381 1548 2414 90

1497 2665 1544 2698 95
