1786 3242
383 282 467 326 226
822 289 867 324 P.
893 288 1058 326 OVIDII
1080 287 1297 326 NASONIS

382 380 508 427 atque
531 371 590 414 ita
614 376 804 426 correpto
828 369 1089 425 captivarum
1113 369 1281 425 agmina
1304 377 1486 412 matrum

292 442 359 473 560
382 429 549 470 invocat
572 434 614 470 et
636 426 790 482 digitos
812 425 858 467 in
880 425 1040 481 perfida
1063 425 1223 467 lumina
1246 425 1401 475 condit,

383 483 635 540 expellitque
659 482 778 538 genis
803 482 946 524 oculos
969 481 1089 534 (facit
1111 481 1175 524 ira
1198 480 1459 537 valenteml),
1522 484 1525 486 ’

382 540 675 595 immergitque
699 552 868 588 manus,
892 537 1144 592 foedataque
1169 537 1372 594 sanguine
1396 536 1526 580 sontis

382 611 465 639 non
489 597 631 638 lumen
643 618 698 624 —-
709 608 847 649 neque
863 593 975 638 enim
999 601 1208 649 superest:
1221 617 1273 624 -—
1293 594 1387 636 loca
1402 592 1572 636 luminis
1587 593 1740 637 haurit.

383 653 501 695 clade
526 651 591 694 sui
613 650 829 693 Thracum
851 665 956 706 gens
980 650 1141 692 irritata
1162 650 1330 705 tyranni
1366 652 1369 655 ’

293 722 358 754 565
384 708 553 751 Troada
576 708 755 750 telorum
778 706 1051 762 lapidumque
1074 706 1281 749 incessere
1304 705 1417 749 iactu

384 765 533 821 coepit.
592 770 635 805 at
657 763 762 806 haec
786 763 960 804 missum
983 777 1111 804 rauco
1136 777 1233 804 cum
1255 777 1470 806 murmure
1493 777 1643 806 saxum

382 821 590 863 morsibus
613 819 847 874 insequitur
868 819 1059 873 rictuque
1081 819 1125 861 in
1149 818 1279 861 verba
1301 826 1446 875 parato

382 877 567 926 latravit,
592 883 742 918 conata
765 875 893 930 loqui.
950 875 1068 917 locus
1093 882 1208 918 extat
1231 882 1273 918 et
1297 889 1349 917 ex
1372 889 1418 918 re

382 948 537 976 nomen
559 932 699 974 habet.
758 939 1030 985 veterumque
1055 931 1128 973 diu
1150 945 1312 974 memor
1333 931 1405 974 illa
1426 931 1634 975 malorum

294 1005 360 1036 570
383 998 474 1033 tum
497 1002 666 1044 quoque
690 987 906 1031 Sithonios
929 987 1106 1030 ululavit
1127 995 1289 1030 maesta
1311 1002 1388 1043 per
1410 1001 1548 1044 agros.

381 1046 493 1089 illius
518 1046 736 1099 Troasque
760 1059 858 1086 suos
882 1044 1105 1098 hostesque
1128 1044 1348 1100 Pelasgos,

382 1102 494 1144 illius
518 1101 687 1143 fortuna
710 1101 811 1143 deos
835 1114 1004 1155 quoque
1027 1111 1217 1143 moverat
1240 1114 1403 1143 omnes:

384 1158 444 1200 sic
469 1172 633 1206 omnes,
657 1164 704 1199 ut
728 1164 770 1199 et
792 1156 885 1212 ipsa
908 1157 1022 1198 Iovis
1046 1157 1312 1211 coniunxque
1336 1170 1537 1212 sororque

384 1221 559 1257 eventus
582 1213 806 1255 Hecubam
829 1213 1031 1255 meruisse
1054 1213 1272 1268 negaverit
1294 1212 1401 1255 illos.

292 1284 358 1315 575
440 1270 539 1311 Non
562 1276 684 1311 vacat
707 1269 919 1319 Aurorae,
945 1282 1202 1324 quamquam
1225 1269 1358 1312 isdem
1382 1268 1545 1312 faverat
1567 1269 1707 1319 armis,

384 1325 573 1369 cladibus
593 1332 634 1367 et
658 1339 758 1367 casu
776 1324 1013 1379 Troiaeque
1032 1325 1323 1380 Hecubaeque
1341 1325 1515 1368 moveri.
1546 1335 1740 1378 [Memnon.

383 1397 484 1425 cura
508 1382 631 1425 deam
654 1381 825 1437 propior
846 1381 1068 1435 luctusque
1093 1381 1347 1424 domesticus
1371 1381 1488 1437 angit

381 1438 624 1481 Memnonis
649 1437 810 1487 amissi,
833 1436 1032 1493 Phrygiis
1057 1451 1184 1492 quem
1207 1438 1321 1480 lutea
1344 1437 1504 1494 campis

382 1495 487 1537 vidit
509 1494 704 1537 Achillea
726 1497 972 1549 pereuntem
996 1493 1169 1549 cuspide
1191 1501 1337 1536 mater.

293 1565 359 1597 580
383 1551 507 1600 vidit,
533 1558 574 1592 et
597 1550 667 1592 ille
692 1551 818 1600 color,
842 1563 926 1604 quo
949 1550 1156 1592 matutina
1179 1550 1409 1593 rubescunt

382 1616 590 1663 tempora,
614 1606 820 1662 palluerat
827 1622 839 1656 ;
862 1606 1067 1661 latuitque
1090 1606 1134 1648 in
1157 1606 1341 1649 nubibus
1365 1605 1521 1649 aether.

384 1672 427 1706 at
450 1677 534 1705 non
558 1662 774 1718 impositos
798 1662 1004 1718 supremis
1028 1662 1198 1718 ignibus
1222 1670 1337 1705 artus

383 1720 579 1762 sustinuit
603 1725 793 1774 spectare
817 1733 988 1774 parens;
1015 1719 1088 1761 sed
1113 1719 1226 1761 crine
1249 1719 1400 1769 soluto,

383 1776 491 1818 sicut
516 1783 622 1825 erat,
647 1775 792 1830 magni
814 1775 994 1830 genibus
1018 1775 1295 1830 procumbere
1318 1790 1403 1818 non
1427 1783 1491 1818 est

293 1846 358 1878 585
384 1832 611 1887 dedignata
634 1831 748 1873 Iovis
772 1831 1037 1885 lacrimisque
1062 1831 1138 1873 has
1163 1831 1318 1875 addere
1341 1846 1487 1874 voces:

385 1888 600 1930 ‘omnibus
624 1887 808 1937 inferior,
832 1901 937 1941 quas
961 1887 1137 1930 sustinet
1161 1902 1313 1930 aureus
1336 1887 1494 1938 aether,
1515 1911 1575 1918 —-

381 1959 482 1986 nam
505 1943 608 1985 mihi
632 1950 729 1986 sunt
753 1950 886 1985 totum
910 1943 1122 1985 rarissima
1145 1944 1302 1999 templa
1323 1958 1400 2000 per
1423 1943 1568 1987 orbem
1590 1967 1649 1974 —

383 2000 481 2042 diva
504 2007 645 2042 tamen
667 1999 777 2041 veni.
835 2013 920 2041 non
943 2007 990 2041 ut
1015 1999 1190 2042 delubra
1213 2000 1386 2054 diesque

383 2057 456 2098 des
480 2055 583 2097 mihi
606 2056 815 2097 sacrificos
841 2055 1122 2110 caliturasque
1144 2056 1316 2111 ignibus
1340 2071 1447 2098 aras.

291 2126 359 2158 590
382 2113 418 2155 si
441 2120 583 2154 tamen
607 2111 805 2167 aspicias,
830 2119 1035 2166 quantum
1058 2112 1135 2153 tibi
1158 2112 1316 2154 femina
1337 2118 1560 2168 praestem,

339 2167 344 2170 ’
381 2176 471 2211 tum
497 2183 593 2210 cum
616 2169 710 2210 luce
733 2182 845 2210 nova
867 2168 1001 2211 noctis
1026 2168 1205 2210 confinia
1228 2183 1363 2219 servo,

380 2225 568 2281 praemia
592 2224 731 2266 danda
754 2231 890 2280 putes.
949 2225 1023 2267 sed
1047 2239 1131 2267 non
1156 2239 1207 2267 ea
1230 2239 1350 2276 cura,
1374 2239 1513 2280 neque
1536 2224 1605 2267 hic
1629 2231 1693 2267 est

379 2295 494 2324 nunc
517 2288 650 2323 status
674 2281 886 2330 Aurorae,
910 2281 1080 2323 meritos
1103 2288 1151 2322 ut
1173 2289 1320 2337 poscat
1342 2281 1534 2326 honores.

379 2337 622 2380 Memnonis
647 2337 750 2379 orba
773 2337 857 2380 mei
880 2337 1016 2388 venio,
1041 2337 1114 2391 qui
1137 2337 1263 2380 fortia
1284 2337 1442 2380 frustra

290 2407 354 2438 595
380 2408 457 2450 pro
481 2401 630 2449 patruo
654 2394 750 2435 tulit
773 2408 890 2435 arma
913 2407 989 2435 suo
1012 2393 1241 2449 primisque
1265 2394 1344 2436 sub
1368 2393 1488 2436 annis

380 2450 533 2492 occidit
556 2465 581 2491 a
604 2449 703 2491 forti
724 2473 783 2479 —
807 2449 866 2492 sic
890 2464 965 2491 vos
989 2450 1179 2492 voluistis
1201 2473 1259 2480 —
1281 2449 1463 2493 Achille.

380 2506 453 2556 da,
477 2520 638 2561 precor,
661 2505 761 2547 huic
785 2506 986 2560 aliquem,
1011 2506 1167 2548 solacia
1189 2506 1354 2557 mortis,
1377 2506 1594 2557 honorem,

381 2576 543 2604 summe
569 2562 695 2604 deum
718 2569 867 2612 rector,
891 2569 1165 2617 maternaque
1188 2563 1363 2605 vulnera
1384 2562 1496 2605 leni.'

379 2618 572 2673 Iuppiter
595 2618 819 2660 adnuerat:
845 2632 942 2661 cum
966 2618 1208 2660 Memnonis
1232 2618 1389 2660 arduus
1413 2619 1498 2661 alto

289 2686 355 2718 600
381 2674 535 2716 corruit
557 2674 657 2729 igne
680 2688 831 2730 roguS,
853 2674 1049 2730 nigrique
1073 2674 1287 2717 volumina
1309 2674 1416 2716 fumi

378 2730 560 2772 infecere
586 2730 718 2780 diem3
743 2730 874 2773 veluti
898 2745 995 2773 cum
1017 2730 1192 2773 flumina
1213 2737 1335 2773 natas

380 2786 548 2828 exalant
571 2787 767 2837 nebulas,
791 2800 870 2830 nec
894 2787 956 2829 sol
980 2787 1212 2830 admittitur
1233 2786 1357 2829 infra.
