1786 3242
376 262 458 305 166
822 267 866 302 Ρ.
891 266 1057 304 OVIDII
1080 265 1296 304 NASONIS

370 365 456 394 non
480 364 627 392 nemus
652 347 896 397 Heliadum,
921 361 1006 389 non
1029 347 1250 389 frondibus
1274 347 1465 390 aesculus
1489 347 1599 399 altis,

371 421 451 449 nec
474 406 586 448 tiliae
611 405 777 453 molles,
801 417 880 446 nec
903 403 1028 458 fagus
1052 410 1095 446 et
1117 403 1277 445 innuba
1299 403 1457 454 laurus,

371 477 451 505 nec
475 461 606 517 coryli
629 460 801 515 fragiles
827 466 868 502 et
892 458 1082 501 fraxinus
1106 459 1220 501 utilis
1244 458 1375 502 hastis

372 517 602 571 enodisque
626 516 742 558 abies
767 522 1023 570 curvataque
1047 515 1272 571 glandibus
1296 515 1380 558 ilex

305 586 348 618 95
374 582 415 616 et
439 574 634 629 platanus
658 571 835 628 genialis
860 586 1041 626 acerque
1065 571 1274 614 coloribus
1298 571 1447 627 impar,

373 629 687 684 amnicolaeque
712 628 836 670 simul
861 627 1008 670 salices
1033 634 1075 670 et
1098 627 1295 682 aquatica
1317 628 1425 670 lotos

374 692 661 742 perpetuoque
684 685 824 727 virens
848 684 1010 736 buxum
1033 691 1266 738 tenuesque
1289 684 1474 740 myricae

375 750 417 785 et
440 741 600 784 bicolor
623 748 784 797 myrtus
809 747 851 783 et
874 740 990 782 bacis
1015 740 1184 783 caerula
1207 740 1332 782 tinus.

338 818 341 819 ⁷
374 812 450 840 vos
474 812 663 852 quoque,
687 796 914 852 flexipedes
939 796 1139 846 hederae,
1163 796 1335 839 venistis
1360 803 1402 839 et
1425 811 1511 839 una

285 867 350 900 100
375 854 624 911 pampineae
647 853 754 896 vites
779 861 820 896 et
843 852 1020 896 amictae
1044 852 1200 895 vitibus
1223 852 1345 894 ulmi:

375 911 550 965 ornique
574 918 616 953 et
638 910 783 965 piceae
807 923 1018 966 pomoque
1042 916 1213 951 onerata
1236 909 1405 951 rubenti

375 967 550 1009 arbutus
575 973 617 1009 et
639 967 799 1016 lentae,
823 966 992 1008 victoris
1016 965 1222 1021 praemia,
1247 965 1426 1021 palmae,

375 1030 418 1066 et
442 1023 655 1066 succincta
679 1036 820 1065 comas
843 1022 1088 1076 hirsutaque
1112 1022 1268 1064 vertice
1292 1021 1431 1077 pinus,

374 1088 497 1136 grata
520 1079 646 1122 deum
669 1079 813 1121 matri:
839 1078 1045 1133 siquidem
1071 1076 1300 1133 Cybeleius
1323 1077 1438 1120 Attis

287 1148 351 1180 105
376 1135 492 1179 exuit
515 1135 595 1177 hac
618 1135 831 1178 hominem
854 1142 1087 1189 truncoque
1111 1134 1299 1176 induruit
1321 1133 1408 1176 illo.

432 1191 587 1233 Adfuit
610 1191 708 1233 huic
732 1191 880 1233 turbae
904 1198 1037 1233 metas
1060 1190 1221 1233 imitata
1245 1204 1481 1246 cupressus,
1520 1200 1739 1246 cyparissus,

375 1262 490 1290 nunc
514 1248 651 1298 arbor,
675 1262 782 1303 puer
805 1255 902 1290 ante
927 1247 1005 1289 deo
1030 1247 1207 1289 dilectus
1232 1246 1286 1289 ab
1310 1246 1396 1296 illo,

376 1304 450 1359 qui
473 1303 676 1346 citharam
699 1303 838 1346 nervis
863 1310 905 1345 et
928 1303 1067 1345 nervis
1090 1309 1295 1359 temperat
1318 1317 1476 1345 arcum.

375 1374 558 1414 namque
583 1374 701 1402 sacer
723 1359 920 1415 nymphis
945 1357 1131 1401 Carthea
1153 1358 1392 1402 tenentibus
1417 1374 1519 1402 arva

289 1428 353 1460 110
377 1417 526 1472 ingens
550 1431 698 1459 cervus
723 1424 830 1465 erat,
855 1416 1022 1470 lateque
1046 1415 1286 1470 patentibus
1311 1415 1417 1457 altas

376 1473 468 1529 ipse
492 1487 569 1515 suo
594 1472 720 1528 capiti
743 1472 974 1528 praebebat
998 1471 1195 1514 cornibus
1218 1471 1404 1513 umbras.

378 1543 536 1572 cornua
559 1529 780 1584 fulgebant
803 1542 925 1578 auro,
950 1527 1217 1581 demissaque
1239 1527 1284 1569 in
1307 1541 1445 1570 armos

376 1585 617 1641 pendebant
640 1585 761 1627 tereti
783 1591 997 1640 gemmata
1019 1584 1191 1626 monilia
1215 1583 1336 1626 collo.

378 1642 494 1684 bulla
517 1656 645 1697 super
668 1641 848 1684 frontem
871 1641 1012 1696 parvis
1037 1647 1238 1696 argentea
1259 1640 1359 1682 loris

290 1709 354 1741 115
378 1698 519 1740 vincta
541 1698 803 1748 movebatur,
827 1697 1034 1753 parilique
1059 1711 1112 1740 ex
1136 1711 1232 1739 aere
1255 1696 1445 1739 nitebant

378 1754 550 1797 auribus
575 1769 598 1797 e
621 1753 800 1810 geminis
824 1753 980 1796 circum
1005 1767 1110 1795 cava
1132 1761 1322 1808 tempora
1345 1752 1488 1796 bacae.

377 1811 499 1865 isque
523 1817 638 1853 metu
662 1824 821 1852 vacuus
844 1809 1108 1864 naturalique
1131 1823 1287 1865 pavore

379 1866 570 1922 deposito
595 1866 805 1909 celebrare
829 1866 975 1908 domos
999 1865 1305 1920 mulcendaque
1329 1865 1437 1908 colla

380 1923 611 1977 quamlibet
634 1922 788 1978 ignotis
812 1922 1007 1963 manibus
1031 1922 1234 1977 praebere
1259 1921 1432 1964 solebat.

290 1991 355 2023 120
380 1979 454 2021 sed
478 1986 618 2021 tamen
643 1987 739 2020 ante
764 1978 885 2027 alios,
912 1976 1026 2020 Ceae
1050 1977 1329 2033 pulcherrime
1352 1978 1504 2033 gentis,

379 2042 524 2091 gratus
549 2042 656 2084 erat,
683 2032 930 2090 Cyparisse,
954 2034 1043 2076 tibi.
1102 2041 1150 2075 tu
1172 2034 1329 2089 pabula
1352 2047 1524 2076 cervum

380 2091 435 2133 ad
457 2106 586 2141 nova,
610 2098 656 2132 tu
679 2090 827 2145 liquidi
850 2090 1036 2133 ducebas
1059 2089 1186 2132 fontis
1211 2090 1265 2132 ad
1288 2089 1466 2132 undam:

379 2154 426 2189 tu
449 2147 574 2189 modo
598 2147 771 2189 texebas
796 2147 934 2189 varios
958 2161 1032 2202 per
1056 2161 1213 2189 cornua
1236 2146 1373 2195 flores,
1523 2153 1526 2155 ’

379 2217 493 2246 nunc
517 2217 645 2258 eques
669 2203 712 2245 in
736 2211 855 2259 tergo
878 2203 1065 2246 residens
1088 2202 1172 2245 huc
1195 2203 1328 2245 laetus
1354 2209 1395 2244 et
1418 2201 1519 2245 illuc

292 2272 355 2304 125
381 2260 523 2302 mollia
545 2260 766 2316 purpureis
790 2260 987 2302 frenabas
1012 2274 1085 2301 ora
1109 2258 1312 2314 capistris.

380 2324 522 2359 aestus
547 2325 655 2366 erat,
680 2316 928 2371 mediusque
953 2315 1061 2365 dies,
1087 2316 1270 2370 solisque
1292 2314 1427 2357 nitore

380 2387 567 2415 concava
589 2372 725 2415 litorei
747 2372 969 2415 fervebant
992 2371 1189 2414 bracchia
1214 2369 1381 2414 Cancri.

379 2429 516 2471 fessus
539 2428 584 2471 in
607 2429 787 2471 herbosa
810 2428 951 2484 posuit
974 2443 1052 2470 sua
1075 2442 1250 2483 corpora
1273 2435 1384 2470 terra

380 2500 528 2528 cervus
553 2492 595 2528 et
619 2485 794 2528 arborea
817 2485 952 2540 frigus
977 2484 1158 2527 ducebat
1180 2484 1235 2526 ab
1258 2483 1422 2526 umbra.

292 2554 356 2586 130
380 2541 493 2584 hunc
517 2556 622 2597 puer
643 2541 888 2597 imprudens
911 2541 1048 2583 iaculo
1073 2539 1326 2596 Cyparissus
1351 2546 1474 2582 acuto

380 2597 490 2640 fixit:
516 2605 576 2647 et,
601 2605 648 2640 ut
671 2612 798 2641 saevo
821 2597 1068 2640 morientem
1092 2597 1264 2639 vulnere
1289 2595 1405 2646 vidit,

380 2654 489 2696 velle
512 2653 619 2696 mori
643 2654 801 2696 statuit.
860 2668 969 2709 quae
992 2667 1078 2695 non
1101 2652 1256 2695 solacia
1278 2651 1479 2695 Phoebus

382 2709 487 2751 dixit
510 2717 571 2759 et,
597 2710 709 2752 huno
732 2710 881 2752 leviter
904 2724 980 2766 pro
1004 2709 1264 2764 materiaque
1289 2708 1460 2758 doleret,

382 2765 616 2808 admonuit!
653 2766 784 2822 gemit
807 2766 876 2809 ille
900 2774 1054 2817 tamen,
1078 2779 1314 2821 munusque
1339 2779 1581 2821 supremum
