1786 3242
353 264 437 307 170
794 271 838 307 Ρ.
863 270 1028 308 0V1D11
1051 269 1267 308 NASONIS

352 355 527 397 collocat
551 352 660 394 hanc
683 351 822 394 stratis
846 350 1007 394 concha
1031 349 1234 393 Sidonide
1258 351 1398 394 tinctis

352 410 617 465 appellatque
641 407 721 450 tori
745 407 920 457 sociam,
945 407 1232 462 acclinataque
1256 408 1364 450 colla

352 465 548 507 mollibus
571 464 615 505 in
638 463 811 519 plumis,
835 471 1052 518 tamquam
1076 478 1268 513 sensura,
1292 463 1471 520 reponit.

258 535 329 566 270
352 521 461 564 festa
484 520 572 563 dies
596 520 774 563 Veneris
798 526 887 561 tota
910 519 1180 562 celeberrima
1203 518 1348 575 Cypro

352 584 544 626 venerat,
569 583 611 619 et
633 575 783 632 pandis
807 575 1004 618 inductae
1029 575 1225 618 cornibus
1250 590 1399 618 aurum

353 633 621 676 conciderant
643 633 752 674 ictae
776 632 901 674 nivea
925 631 1086 674 cervice
1109 632 1326 682 iuvencae,

352 697 530 744 turaque
553 688 792 730 fumabant:
818 702 914 730 cum
938 702 1110 730 munere
1134 687 1304 730 functus
1328 688 1383 731 ad
1407 702 1500 731 aras

353 745 538 788 constitit
560 752 603 787 et
625 745 770 787 timide
795 744 864 787 “si
889 744 931 786 di
955 745 1054 787 dare
1079 751 1230 786 cuncta
1252 744 1440 800 potestis,

259 813 329 845 275
355 802 409 844 sit
433 801 634 850 coniunx,
659 800 798 856 opto,''
823 799 927 854 (non
951 815 1078 842 ausus
1103 799 1322 843 “eburnea
1344 800 1495 857 virgo'’

354 858 512 913 dicere)
535 857 789 913 Pygmalion
812 857 991 899 “similis
1015 857 1140 899 mea'’
1166 857 1271 898 dixit
1293 856 1553 900 “eburnae.”

353 914 501 964 sensit,
526 920 574 955 ut
596 914 688 968 ipsa
711 914 797 956 suis
822 913 967 956 aderat
990 913 1138 956 Venus
1162 928 1290 956 aurea
1312 913 1445 963 festis,

353 977 452 1012 vota
476 970 578 1024 quid
599 970 672 1012 illa
695 970 837 1012 velint.
897 977 956 1018 et,
982 969 1105 1011 amici
1128 969 1311 1011 numinis
1335 983 1472 1019 omen,

352 1026 523 1068 flamma
546 1034 609 1068 ter
632 1040 809 1068 accensa
833 1033 896 1068 est
918 1025 1164 1081 apicemque
1188 1040 1263 1081 per
1286 1029 1384 1068 ae'ra
1408 1024 1542 1068 duxit.

261 1093 331 1126 280
354 1090 401 1124 ut
424 1082 565 1132 rediit,
591 1082 814 1124 simulacra
837 1097 937 1124 suae
960 1082 1065 1137 petit
1087 1082 1156 1124 ille
1180 1082 1345 1137 puellae

353 1138 684 1192 incumbensque
707 1146 798 1180 toro
822 1138 937 1180 dedit
960 1138 1116 1180 oscula.
1179 1138 1267 1180 visa
1288 1145 1431 1194 tepere
1454 1144 1531 1180 est-

355 1195 551 1236 admovet
574 1208 621 1236 os
643 1194 814 1244 iterum,
838 1194 1032 1236 manibus
1056 1208 1224 1248 quoque
1248 1203 1420 1249 pectora
1441 1199 1639 1251 temptat:

354 1257 607 1305 temptatum·
626 1250 831 1291 mollescit
853 1250 970 1300 ebur,
994 1251 1213 1307 positoque
1236 1251 1374 1306 rigore

355 1306 534 1348 subsidit
558 1306 700 1361 digitis
724 1306 936 1360 ceditque,
960 1315 1008 1348 ut
1031 1306 1251 1361 Hymettia
1275 1307 1362 1349 sole

260 1373 330 1406 285
355 1377 451 1405 cera
473 1362 724 1404 remollescit
747 1369 1007 1417 tractataque
1030 1363 1180 1418 pollice
1204 1363 1357 1405 multas

354 1419 533 1461 flectitur
554 1419 599 1459 in
621 1418 751 1460 facies
774 1419 950 1473 ipsoque
973 1418 1021 1460 fit
1043 1418 1155 1460 utilis
1179 1433 1272 1461 usu.

355 1475 456 1516 dum
479 1482 619 1530 stupet
641 1481 682 1517 et
706 1475 834 1516 dubie
857 1474 1015 1530 gaudet
1037 1474 1211 1529 fallique
1235 1481 1416 1525 veretur,

353 1545 499 1572 rursus
523 1546 668 1572 amans
691 1545 919 1585 rursusque
942 1546 1072 1572 manu
1096 1546 1172 1572 sua
1195 1538 1294 1573 vota
1316 1538 1533 1575 retractat:

355 1601 506 1642 corpus
531 1594 638 1636 erat,
664 1587 818 1628 saliunt
841 1594 1070 1642 temptatae
1093 1587 1243 1642 pollice
1267 1602 1414 1630 venae.

260 1655 331 1687 290
356 1650 445 1685 tum
469 1657 568 1685 vero
592 1643 783 1698 Paphius
806 1643 1049 1698 plenissima
1072 1643 1253 1698 concipit
1275 1643 1398 1686 heros

356 1699 504 1749 verba,
529 1699 683 1753 quibus
707 1699 864 1742 Veneri
888 1707 1028 1754 grates
1053 1706 1170 1755 agat,
1195 1713 1352 1754 oraque
1375 1699 1545 1743 tandem

355 1770 426 1797 ore
452 1769 527 1797 suo
552 1769 635 1797 non
659 1755 766 1796 falsa
789 1755 952 1810 premit.
1012 1755 1193 1809 dataque
1217 1756 1361 1798 oscula
1384 1756 1504 1812 virgo

355 1811 502 1861 sensit,
528 1818 570 1853 et
593 1811 779 1860 erubuit,
804 1811 1081 1865 timidumque
1105 1811 1159 1853 ad
1182 1811 1342 1853 lumina
1363 1813 1508 1855 lumen

355 1867 548 1909 attollens
571 1867 726 1922 pariter
751 1881 846 1908 cum
870 1867 985 1909 caelo
1010 1867 1114 1908 vidit
1137 1875 1361 1910 amantem.

260 1936 331 1967 295
357 1923 571 1978 coniugio,
595 1923 709 1977 quod
733 1923 852 1972 fecit,
876 1923 995 1965 adest
1019 1923 1110 1965 dea.
1168 1924 1336 1978 iamque
1360 1924 1515 1967 coactis

355 1979 552 2020 cornibus
575 1978 618 2020 in
642 1979 814 2034 plenum
837 1979 1011 2021 noviens
1035 1979 1251 2022 lunaribus
1275 1979 1421 2022 orbem

354 2034 426 2076 illa
449 2034 629 2090 Paphon
652 2035 819 2090 genuit,
843 2035 896 2078 de
919 2049 1004 2089 quo
1027 2042 1141 2078 tenet
1163 2036 1301 2077 insula
1323 2050 1491 2079 nomen.

412 2090 566 2132 Editus
590 2090 671 2133 hoc
694 2091 763 2133 ille
789 2098 870 2141 est,
895 2091 988 2146 qui,
1014 2091 1050 2133 si
1074 2092 1162 2134 sine
1185 2092 1303 2147 prole
1325 2092 1488 2142 fuisset,
1556 2104 1715 2149 Myrrha,

354 2147 462 2189 inter
485 2146 629 2189 felices
654 2145 835 2202 Cinyras
859 2147 1064 2202 potuisset
1087 2148 1246 2190 haberi.

260 2215 331 2248 300
356 2202 446 2244 dira
470 2217 632 2244 canam.
690 2204 838 2258 procul
861 2204 959 2245 hinc
982 2211 1125 2254 natae,
1151 2204 1297 2260 procul
1321 2211 1408 2247 este
1431 2205 1646 2260 parentes!

354 2266 447 2308 aut,
472 2273 566 2301 mea
590 2259 625 2301 si
648 2267 808 2301 vestras
832 2260 1075 2302 mulcebunt
1098 2260 1284 2302 carmina
1306 2267 1481 2310 mentes,

355 2314 463 2357 desit
485 2315 529 2356 in
553 2315 632 2357 hac
655 2315 757 2357 mihi
781 2323 899 2371 parte
923 2315 1047 2366 fides,
1070 2331 1149 2358 nec
1173 2316 1329 2359 credite
1353 2317 1532 2360 factumz

354 2371 441 2420 vel,
466 2371 501 2412 si
525 2371 719 2421 credetis,
744 2372 846 2414 facti
870 2386 1038 2426 quoque
1063 2372 1218 2415 credite
1241 2387 1434 2428 poenam.

355 2427 391 2468 si
413 2434 554 2469 tamen
578 2427 807 2469 admissum
832 2428 930 2470 sinit
952 2428 1033 2470 hoc
1055 2428 1220 2470 Natura
1241 2429 1386 2479 videri,

260 2496 330 2527 305
355 2483 551 2538 gentibus
575 2484 762 2526 Ismariis
787 2491 828 2526 et
850 2491 992 2526 nostro
1069 2485 1206 2526 atulor
1229 2485 1333 2535 orbi,

354 2539 541 2594 gratulor
563 2538 663 2581 huic
685 2547 840 2589 terrae,
864 2540 979 2595 quod
1001 2555 1027 2582 a
1058 2547 1121 2583 est
1143 2541 1384 2596 regionibus
1408 2540 1504 2592 illis,

354 2608 463 2648 quae
486 2602 650 2637 tantum
673 2610 857 2651 genuere
880 2596 1013 2638 nefas.
1073 2597 1126 2638 sit
1149 2597 1265 2639 dives
1290 2611 1470 2647 amomo,

355 2650 631 2705 cinnamaque
657 2659 902 2706 costumque
927 2667 1052 2694 suum
1075 2653 1309 2707 sudataque
1332 2653 1448 2709 ligno

354 2713 449 2748 tura
472 2706 580 2748 ferat
603 2708 810 2762 floresque
835 2709 937 2751 alios
962 2708 1179 2751 Panchaia
1202 2710 1339 2759 tellus,

260 2774 330 2805 310
355 2761 454 2803 dum
479 2762 586 2806 ferat
610 2770 652 2807 et
674 2778 871 2807 murram.
931 2764 1036 2806 tanti
1059 2779 1170 2808 nova
1192 2779 1278 2808 non
1301 2765 1382 2808 fuit
1405 2765 1544 2808 arbor.
