1774 3256
394 267 450 309 72
837 274 880 309 P.
907 273 1073 311 OVIDII
1096 272 1313 311 NASONIS

391 356 542 399 umbra
565 356 644 397 viri
668 355 759 397 visa
782 362 865 406 est,
890 355 1025 396 visam
1049 354 1140 398 fera
1164 355 1298 397 saevit
1318 355 1364 397 in
1386 355 1600 400 umbram.

391 420 523 467 utque
546 412 661 454 Iovis
684 426 880 467 praepes,
906 425 1041 453 vacuo
1066 425 1162 454 cum
1186 411 1292 454 vidit
1313 410 1358 454 in
1381 426 1495 455 arvo-

392 469 664 524 praebentem
688 468 865 510 Phoebo
888 467 1060 510 liventia
1083 475 1203 524 terga
1227 468 1464 519 draconem,

304 538 368 571 715
394 532 574 580 occupat
597 538 812 574 aversum,
835 539 920 566 neu
943 539 1070 567 saeva
1092 532 1332 579 retorqueat
1355 538 1443 576 ora,

394 581 680 646 squamigeris
694 581 840 623 avidos
863 580 957 636 figit
981 580 1214 623 cervicibus
1237 595 1421 637 ungues:

394 638 454 680 sic
478 637 603 680 celeri
625 637 777 680 missus
794 651 1003 703 praeceps
1027 652 1103 693 per
1125 637 1250 680 inane
1273 638 1417 679 volatu

393 702 513 750 terga
536 694 650 736 ferae
674 693 826 750 pressit
850 694 1082 748 dextroque
1105 693 1357 736 frementis'
1344 709 1389 735 111
1412 707 1529 736 armo

393 750 616 793 Inachides
640 750 800 793 ferrum
825 765 954 792 curvo
978 759 1100 793 tenus
1125 750 1287 792 abdidit
1309 749 1447 792 hamo.

305 819 371 851 720
394 807 568 850 vulnere
591 807 705 849 laesa
727 806 849 862 gravi
871 806 997 848 modo
1022 821 1066 849 se
1090 807 1316 849 sublimis'
1304 822 1349 849 m
1372 821 1496 849 auras

394 863 563 914 attollit,
586 864 712 905 modo
736 863 878 905 subdit
902 863 1039 917 aquis,
1064 863 1191 905 modo
1215 877 1331 906 more
1354 863 1506 906 ferocis

394 928 533 962 versat
558 919 667 976 apri,
691 933 819 974 quem
842 920 967 961 turba
989 934 1142 962 canum
1166 920 1430 962 circumsona
1452 925 1592 962 terret.

394 976 464 1018 ille
489 976 634 1018 avidos
659 990 822 1018 morsus
846 976 1062 1018 velocibus
1087 976 1238 1041 effugit
1262 976 1358 1026 alis3

395 1047 563 1087 quaque
586 1040 749 1088 patent,
772 1046 885 1075 nunc
907 1039 1028 1088 terga
1052 1032 1165 1074 cavis
1190 1047 1316 1088 super
1338 1031 1475 1074 obsita
1497 1031 1687 1087 conchis,

307 1101 370 1135 725
395 1103 509 1131 nunc
532 1090 710 1131 laterum
737 1097 892 1138 costas,
916 1103 1029 1131 nunc
1054 1102 1138 1143 qua
1162 1088 1408 1131 tenuissima
1431 1088 1566 1131 cauda

396 1145 582 1188 desinit
570 1161 614 1187 111
635 1145 816 1211 piscem,
841 1145 994 1187 falcato
1019 1145 1211 1187 vulnerat
1235 1159 1348 1188 ense.

395 1201 522 1245 belua
545 1202 724 1267 puniceo
748 1202 902 1243 mixtos
927 1216 1023 1243 cum
1048 1201 1254 1267 sanguine
1276 1202 1429 1244 fluctus

396 1273 468 1301 ore
491 1258 640 1299 vomit:
665 1258 865 1300 maduere
888 1272 1038 1313 graves
1062 1257 1283 1313 aspergine
1305 1272 1483 1314 pennae.

395 1329 473 1357 nec
496 1314 651 1356 bibulis
674 1314 784 1356 ultra
806 1314 990 1356 Perseus
1013 1314 1214 1356 talaribus
1238 1329 1366 1356 ausus

307 1383 372 1415 730
397 1372 565 1413 credere
590 1371 807 1426 conspexit
831 1371 1069 1436 scopulum,
1095 1370 1167 1425 qui
1191 1370 1347 1414 vertice
1369 1384 1535 1414 summo

396 1427 603 1469 stantibus
628 1434 743 1469 extat
766 1427 905 1481 aquis,
930 1427 1115 1482 operitur
1137 1427 1199 1493 ab·
1215 1441 1396 1482 aequore
1419 1434 1547 1470 moto.

395 1483 520 1525 nixus
545 1498 595 1526 οο
618 1483 819 1538 rupisque
843 1491 990 1525 tenens
1013 1483 1115 1538 iuga
1137 1483 1273 1539 prima
1296 1483 1464 1526 sinistra

396 1548 460 1582 ter
483 1547 632 1594 quater
656 1540 797 1595 exegit
819 1540 995 1595 repetita
1018 1555 1094 1595 per
1116 1539 1188 1581 ilia
1211 1540 1383 1583 ferrum.

395 1597 517 1638 litora
541 1611 636 1639 cum
660 1596 812 1652 plausu
836 1596 993 1638 clamor
1016 1611 1274 1652 superasque
1298 1597 1473 1641 deorum

307 1666 371 1698 735
395 1653 623 1708 implevere
648 1653 808 1695 domos.
865 1652 1054 1708 gaudent
1075 1667 1363 1709 generumque
1387 1653 1572 1696 salutant

396 1709 683 1764 auxiliumque
708 1709 857 1751 domus
882 1716 1221 1764 servatoremque
1244 1709 1431 1753 fatentur

397 1765 613 1831 Cassiope
628 1764 909 1821 Cepheusque
933 1773 1065 1821 pater.
1123 1766 1307 1808 resoluta
1330 1765 1488 1809 catenis

395 1822 552 1864 incedit
575 1822 714 1877 virgo,
738 1822 1003 1887 pretiumque
1027 1828 1069 1864 et
1093 1836 1221 1864 causa
1242 1822 1411 1865 laboris.

395 1879 486 1934 ipse
509 1893 659 1920 manus
683 1877 833 1920 hausta
856 1878 1047 1920 victrices
1071 1878 1204 1920 abluit
1227 1879 1360 1929 unda3

307 1948 373 1980 740
397 1934 746 1990 anguiferumque
776 1942 903 1989 caput
927 1934 1031 1976 dura
1054 1949 1108 1977 ne
1129 1935 1269 1977 laedat
1291 1935 1462 1986 harena,

396 1991 529 2033 mollit
551 1991 728 2032 humum
752 1989 882 2039 foliis,
907 1998 1111 2044 natasque
1136 1991 1216 2033 sub
1239 2005 1421 2046 aequore
1445 1991 1589 2048 virgas

397 2047 543 2090 sternit
567 2055 609 2090 et
630 2047 807 2102 imponit
829 2021 1121 2102 Phorcynidos
1146 2062 1219 2089 ora
1241 2047 1462 2113 Medusae.

396 2104 517 2170 virga
539 2118 684 2146 recens
710 2103 937 2157 bibulaque
961 2104 1189 2146 etiamnum
1214 2104 1312 2146 viva
1335 2104 1520 2147 medulla

396 2160 482 2202 vim
507 2160 647 2225 rapuit
669 2160 843 2201 monstri
868 2169 1066 2215 tactuque
1089 2160 1277 2202 induruit
1283 2160 1439 2226 obuius,

306 2230 371 2261 745
396 2217 668 2272 percepitque
691 2231 849 2258 novum
873 2217 998 2258 ramis
1023 2224 1065 2258 et
1088 2216 1237 2259 fronde
1260 2217 1456 2273 rigorem.

397 2281 440 2315 at
464 2273 621 2338 pelagi
628 2272 839 2338 nymphae
864 2273 1023 2315 factum
1046 2272 1237 2316 mirabile
1260 2280 1467 2329 temptant

394 2329 621 2385 pluribus
610 2345 653 2371 m
676 2329 806 2384 virgis
831 2337 873 2371 et
895 2329 1008 2371 idem
1033 2329 1275 2385 contingere
1298 2330 1487 2386 gaudent

397 2386 640 2440 seminaque
665 2400 718 2428 ex
741 2385 823 2427 illis
847 2386 999 2428 iterant
1021 2364 1201 2428 iactatae
1196 2401 1272 2442 per
1293 2386 1443 2428 undas.

395 2456 509 2484 nunc
533 2456 701 2496 quoque
726 2442 893 2484 curaliis
917 2442 1064 2486 eadem
1086 2449 1237 2484 natura
1258 2442 1472 2493 remansit,

306 2512 372 2543 750
397 2498 593 2564 duritiam
617 2505 729 2540 tacto
754 2499 921 2554 capiant
943 2507 990 2541 ut
1015 2499 1069 2540 ab
1093 2502 1207 2549 ae‘re,
1232 2499 1431 2554 quodque

396 2554 536 2597 vimen
560 2555 603 2596 in
627 2569 808 2609 aequore
833 2563 940 2606 erat,
964 2555 1038 2596 fiat
1062 2570 1186 2610 super
1207 2564 1394 2609 'aequora
1415 2569 1580 2598 saxum.

451 2610 534 2652 Dis
557 2611 690 2653 tribus
713 2611 783 2653 ille
807 2611 924 2653 focos
947 2611 1121 2654 totidem
1145 2611 1198 2654 de
1221 2611 1411 2677 caespite
1428 2611 1558 2667 ponit,

394 2666 563 2709 laevum
586 2667 819 2718 Mercurio,
846 2668 1040 2710 dextrum
1063 2667 1160 2718 tibi,
1184 2667 1334 2710 bellica
1356 2667 1510 2723 Virgo;

396 2738 469 2764 ara
490 2723 604 2764 Iovis
629 2723 766 2765 media
790 2732 866 2766 est.
923 2731 1132 2766 mactatur
1153 2738 1282 2766 vacca
1303 2723 1540 2774 Minervae,

307 2793 371 2824 755
395 2779 548 2836 alipedi
572 2779 746 2830 vitulus,
771 2787 916 2822 taurus
941 2780 1036 2832 tibi,
1061 2795 1224 2824 summe
1248 2780 1436 2823 deorum.
