1774 3256
228 240 724 280 METAMORPHOSEON
746 240 845 277 LIB.
868 240 916 278 V.
935 241 1128 277 611—678.
1154 240 1221 278 VI.
1239 241 1363 277 1—16.
1432 230 1487 274 89

23 345 25 348 -
71 360 74 362 .
113 323 227 369 dona
249 323 341 367 fero
366 321 555 375 Cereris,
578 323 688 366 latos
711 337 822 379 quae
845 338 992 380 sparsa
1015 338 1092 380 per
1116 337 1241 379 agros
1512 332 1582 366 655

113 380 342 483 muz-as
365 395 526 424 messes
549 380 834 435 alimentaque
856 380 976 423 mitia
998 378 1233 423 reddant.'”

302 452 323 480 s
343 437 514 488 invidit,
537 437 729 493 tantique
751 444 800 480 ut
821 437 1009 480 muneris
1033 443 1180 479 auctor

66 512 68 514 ’
113 495 207 554 ipse
230 494 303 546 sit,
326 493 510 551 hospitio
533 493 685 551 recipit
707 508 941 549 somnoque
963 500 1190 550 gravatum

51 559 64 582 ³
114 550 364 611 aggreditur
385 551 512 594 ferro.
571 557 795 594 conantem
817 550 949 607 figere
972 557 1122 607 pectus

190 622 242 653 oa
265 605 398 652 Ceres
422 608 542 658 fecit,
564 621 798 662 rursusque
821 622 898 664 per
921 611 1020 650 ae‘ra
1041 607 1164 649 iussit
1513 618 1584 652 660

168 680 195 709 o
246 665 392 722 opium
414 665 614 708 iuvenem
637 678 780 707 sacros
803 664 966 730 agitare
988 663 1194 720 iugales.”
1470 718 1477 725 ·

213 722 224 734 ⁸
257 721 363 765 ‘erat
386 721 521 764 dictos
544 735 569 764 e
590 720 716 763 nobis
739 735 926 763 maxima
950 729 1113 763 cantus.
1377 718 1533 753 Pe'erzdes
1548 723 1582 752 εἰ

115 787 161 825 at
181 793 285 837 nym
316 778 397 822 hae
419 778 572 822 vicisse
595 778 697 820 deas
721 777 934 820 Helicona
957 777 1143 820 colentes
1413 763 1551 799 Musae.

61 843 67 852 ³
115 850 248 882 conco
300 835 483 878 idixere
507 848 625 878 sono.
685 834 877 876 convicia
900 834 1038 876 victae

116 906 215 938 cum
237 892 441 942 facerent,
465 891 734 947 “quoniam''
759 890 867 932 dixit
890 890 1153 934 “certamine
1177 889 1299 932 vobis
1515 901 1582 934 665

116 965 167 995 su
225 949 372 993 licium
394 949 599 992 meruisse
622 963 774 1005 parum
798 954 882 998 est,
905 947 1216 1002 maledictaque
1241 947 1391 1003 culpae

116 965 197 1052 adp
218 1006 292 1058 tis,
316 1013 359 1050 et
381 1019 467 1049 non
490 1013 555 1049 est
575 1005 782 1062 patientia
802 1004 938 1047 libera
959 1004 1101 1047 nobis:

115 1064 272 1108 ibimus
295 1063 340 1106 in
362 1077 524 1120 poenas
548 1070 610 1113 et,
634 1077 721 1118 qua
743 1069 869 1105 vocat
890 1062 973 1112 ira,
998 1059 1266 1116 sequemur.'’

114 1121 257 1165 rident
278 1119 531 1163 Emathides
556 1126 845 1176 spernuntque
868 1118 1052 1161 minacia
1075 1118 1224 1160 verbat

116 1184 378 1234 conataeque
400 1176 518 1232 loqui
541 1184 583 1219 et
605 1190 763 1232 magno
788 1177 971 1218 clamore
995 1183 1214 1232 protervas
1516 1186 1585 1218 670

115 1235 325 1279 intentare
347 1248 518 1285 manus,
542 1248 705 1290 pennas
730 1233 845 1275 exire
868 1247 945 1289 per
967 1247 1135 1288 ungues

114 1306 322 1350 'aspexere
345 1305 465 1341 suos,
489 1290 645 1347 operiri
668 1290 868 1332 bracchia
891 1289 1067 1345 plumis:

117 1349 334 1404 alteraque
357 1347 530 1390 alterius
554 1347 693 1404 rigido
717 1361 988 1389 concrescere
1011 1353 1147 1388 rostro

117 1421 194 1450 ora
214 1405 350 1456 videt,
373 1404 652 1459 volucresque
674 1418 808 1446 novas
832 1403 1034 1446 accedere
1059 1402 1188 1444 silvis.

117 1463 306 1519 dumque
329 1461 479 1504 volunt
500 1461 668 1518 plangi,
691 1475 768 1517 per
790 1459 988 1502 bracchia
1011 1467 1126 1501 mota
1149 1460 1314 1502 levatae
1516 1471 1586 1503 675

117 1523 215 1564 ae're
238 1518 501 1576 pendebant,
523 1532 746 1561 nemorum
771 1516 982 1567 convicia,
1005 1517 1140 1572 picae.

115 1591 233 1620 nunc
256 1589 426 1632 quoque
449 1575 494 1617 in
518 1574 687 1617 alitibus
711 1574 912 1617 facundia
933 1573 1073 1630 prisca
1095 1572 1298 1615 remansit

117 1647 333 1690 raucaque
356 1631 583 1690 garrulitas
607 1631 879 1687 studiumque
902 1631 1086 1673 immane
1110 1629 1338 1685 loquendi!

609 1811 765 1847 LIBER
790 1810 998 1848 SEXTUs,

36 1903 40 1905 “
118 1916 384 1961 Praebuerat
406 1915 530 1959 dictis
554 1915 747 1958 Tritonia
770 1915 926 1958 talibus
951 1930 1089 1965 aures,
1409 1914 1537 1949 Pallas
1553 1919 1588 1948 et

0 2865 42 3256 mfffflW‘thv

119 1974 392 2029 carminaque
416 1973 636 2015 Aonidum
659 1972 901 2028 iustamque
924 1972 1179 2028 probaverat
1201 1971 1321 2014 iram.
1411 1960 1585 1995 Arachne.

118 2038 211 2074 tum
234 2045 380 2074 secum
404 2029 598 2073 ‘laudare
621 2045 773 2086 parum
797 2037 880 2072 est:
905 2029 1129 2072 laudemur
1152 2037 1194 2071 et
1216 2028 1349 2085 ipsae,

119 2087 296 2131 numina
317 2100 398 2130 nec
422 2087 563 2144 sperni
587 2087 677 2129 sine
700 2102 838 2143 poena
860 2094 1005 2128 nostra
1028 2086 1243 2136 sinamus,’

119 2144 432 2200 Maeoniaeque
455 2143 643 2186 animum
666 2143 764 2186 fatis
788 2143 969 2186 intendit
993 2142 1230 2193 Arachnes,
1256 2138 1259 2141 ’
1518 2155 1540 2187 5

121 2216 251 2258 quam
274 2200 356 2244 sibi
379 2201 571 2243 lanificae
594 2216 680 2243 non
704 2200 854 2243 cedere
877 2199 1075 2242 laudibus
1100 2199 1201 2241 artis

121 2258 327 2303 audierat.
385 2272 472 2300 non
493 2258 567 2300 illa
590 2258 684 2300 loco
707 2271 787 2300 nec
811 2257 973 2313 origine
997 2256 1136 2312 gentis

121 2316 254 2367 clara,
279 2314 355 2359 sed
378 2322 468 2358 arte
490 2314 585 2357 fuit.
644 2322 765 2371 pater
788 2314 887 2356 huic
912 2311 1205 2368 Colophonius
1229 2312 1384 2355 Idmon

119 2371 336 2416 Phocaico
358 2371 526 2414 bibulas
550 2371 772 2427 tinguebat
795 2370 955 2412 murice
980 2371 1111 2412 lanas.

122 2428 334 2473 occiderat
355 2436 510 2471 mater:
536 2428 610 2471 sed
635 2435 677 2471 et
701 2427 806 2470 haec
830 2427 883 2469 de
907 2426 1032 2483 plebe
1057 2440 1218 2481 suoque
1520 2439 1568 2472 κ)

121 2500 260 2542 aequa
282 2485 374 2528 viro
396 2485 550 2528 fuerat.
609 2485 758 2540 Lydas
782 2491 925 2526 tamen
948 2483 1021 2525 illa
1043 2498 1119 2539 per
1142 2483 1270 2526 urbes

121 2543 360 2600 quaesierat
383 2542 523 2584 studio
546 2541 702 2583 nomen
725 2540 1019 2590 memorabile,
1043 2540 1238 2594 quamvis

121 2607 215 2643 orta
238 2600 365 2642 domo
388 2612 521 2655 parva
542 2598 686 2654 parvis
710 2597 926 2639 habitabat
952 2597 1190 2653 Hypaepis.

121 2656 250 2700 huius
273 2663 323 2699 ut
345 2655 583 2712 aspicerent
606 2669 712 2711 opus
738 2654 1006 2703 admirabile,
1031 2669 1159 2710 saepe

123 2714 348 2758 deseruere
373 2712 439 2755 sui
461 2711 675 2769 nymphae
699 2712 842 2754 vineta
865 2711 1035 2760 Timoli,
1519 2721 1567 2755 15

123 2770 350 2815 deseruere
373 2784 472 2813 suas
496 2768 710 2827 nymphae
733 2768 975 2812 Pactolides
999 2767 1151 2812 undas.
