1786 3242
384 290 471 333 200
832 298 875 333 Ρ.
903 298 1066 335 OVIDII
1089 298 1304 336 NASONIS

382 379 614 435 inspicitur,
638 384 919 434 penetratque
939 393 1063 420 cavas
1087 393 1171 420 vox
1195 379 1329 421 omnis
1353 379 1408 422 ad
1432 395 1570 423 aures.

381 436 519 477 Fama
542 442 657 476 tenet
680 448 928 488 summaque
952 434 1124 476 domum
1149 434 1230 477 sibi
1252 435 1355 491 legit
1377 435 1422 478 in
1446 451 1554 486 arce,

382 492 708 544 innumerosque
733 490 871 531 aditus
896 504 945 532 ac
969 490 1082 532 mille
1105 490 1312 533 foramina
1334 492 1454 535 tectis

313 561 357 593 45
383 547 545 589 addidit
569 553 610 588 et
633 546 758 588 nullis
783 546 953 589 inclusit
975 546 1120 588 limina
1143 547 1286 602 portis.

380 610 503 645 nocte
527 602 679 656 dieque
702 609 829 658 patet.
888 609 976 644 tota
1000 609 1063 645 est
1087 617 1138 644 ex
1163 618 1258 646 aere
1282 603 1466 655 sonanti;

381 666 470 701 tota
492 658 634 702 fremit
657 672 866 713 vocesque
889 658 1036 708 refert,
1061 659 1287 713 iteratque,
1311 659 1425 714 quod
1448 659 1580 703 audit.

380 715 497 757 nulla
520 714 638 769 quies
661 714 793 764 intus,
817 715 1017 769 nullaque
1041 714 1205 757 silentia
1228 723 1360 771 parte.

380 786 459 814 nec
482 779 623 813 tamen
647 778 711 813 est
735 771 904 820 clamor,
930 771 1003 812 sed
1026 786 1182 826 parvae
1206 786 1421 814 murmura
1443 772 1580 815 vocis:

313 842 358 873 50
382 828 523 882 qualia
547 827 599 869 de
623 827 782 882 pelagi,
808 826 843 869 si
867 827 960 881 quis
984 828 1131 882 procul
1155 828 1316 877 audiat,
1341 827 1464 870 undis

382 899 474 927 esse
498 884 650 933 solent3
675 884 896 937 qualemve
921 897 1089 933 sonum,
1115 897 1211 925 cum
1234 883 1424 940 Iuppiter
1447 891 1561 927 atras

382 939 591 995 increpuit
613 939 767 989 nubeS,
793 946 980 982 extrema
1002 940 1187 981 tonitrua
1209 939 1403 982 reddunt.

382 996 488 1038 atria
511 996 635 1037 turba
658 1003 790 1038 tenet:
815 995 988 1038 veniunt
1011 996 1103 1038 leve
1128 996 1281 1052 vulgus
1306 1005 1508 1051 euntque3

379 1052 596 1106 mixtaque
621 1066 717 1094 cum
741 1052 850 1094 veris
874 1052 1031 1107 passim
1056 1060 1292 1095 commenta
1316 1059 1526 1109 vagantur

312 1122 356 1152 55
380 1108 496 1150 milia
519 1122 757 1158 rumorum,
782 1109 1042 1162 confusaque
1067 1109 1197 1151 verba
1220 1109 1423 1151 volutant.

381 1180 404 1206 e
429 1164 582 1218 quibus
606 1164 650 1205 hi
674 1178 829 1206 vacuas
853 1164 1027 1219 implent
1052 1165 1314 1207 sermonibus
1338 1180 1473 1216 auree,

379 1220 424 1262 hi
448 1227 616 1262 narrata
639 1219 780 1262 ferunt
804 1220 905 1269 alio,
930 1235 1210 1275 mensuraque
1234 1221 1321 1263 ficti

380 1276 548 1325 crescit,
573 1283 614 1318 et
637 1276 790 1318 auditis
815 1276 973 1330 aliquid
995 1291 1130 1318 novus
1155 1277 1281 1319 adicit
1305 1285 1463 1320 auctor.

379 1333 464 1374 illio
489 1330 749 1382 Credulitas,
774 1332 858 1374 illic
882 1333 1127 1374 temerarius
1152 1333 1282 1375 Error

312 1402 356 1433 60
380 1402 574 1442 vanaque
598 1388 783 1430 Laetitia
807 1395 869 1430 est
893 1389 1230 1443 consternatique
1254 1390 1446 1432 Timores

381 1443 628 1499 Seditioque
651 1459 802 1500 repens
827 1444 1039 1502 dubioque
1065 1452 1235 1488 auctore
1262 1445 1447 1489 Susurri.

379 1501 488 1557 ipsa,
514 1500 615 1554 quid
639 1500 683 1542 in
708 1501 824 1543 caelo
848 1516 987 1543 rerum
1012 1501 1247 1557 pelagoque
1270 1509 1442 1558 geratur

380 1564 423 1599 et
446 1558 614 1607 tellure,
639 1557 755 1599 videt
778 1564 997 1612 totumque
1020 1557 1191 1611 inquirit
1214 1558 1258 1600 in
1282 1559 1439 1601 orbem.

437 1613 616 1655 Fecerat
638 1613 744 1656 haec
767 1621 933 1663 notum,
959 1612 1114 1656 Graias
1139 1628 1236 1656 cum
1259 1615 1390 1657 milite
1414 1615 1512 1657 forti

312 1683 354 1713 65
381 1670 607 1712 adventare
630 1677 761 1719 rates3
786 1683 924 1724 neque
948 1670 1237 1726 inexpectatus
1260 1670 1303 1712 in
1328 1671 1454 1713 armis

379 1725 511 1767 hostis
535 1726 665 1768 adest.
724 1726 947 1781 prohibent
971 1726 1109 1768 aditus
1123 1726 1315 1781 ‘litusque
1339 1734 1510 1770 tuentur

379 1782 532 1831 Troe’s3
558 1789 600 1824 et
622 1783 836 1824 Hectorea
859 1782 1018 1837 primus
1042 1782 1224 1825 fataliter
1247 1783 1387 1833 hasta,

379 1837 632 1887 Protesilae',
657 1838 792 1888 cadis,
817 1839 1122 1893 commissaque
1145 1839 1304 1894 proelia
1326 1854 1481 1896 magno

381 1901 492 1936 stant
514 1893 697 1943 Danais,
721 1894 924 1948 fortisque
950 1894 1114 1937 animae
1137 1910 1240 1938 nece
1265 1896 1457 1951 cognitus
1481 1897 1663 1947 Hector;

312 1965 355 1995 70
378 1964 458 1992 nec
480 1949 675 2006 Phryges
700 1951 867 2006 exiguo,
893 1950 995 2004 quid
1018 1951 1209 1993 Achaica
1233 1951 1405 1994 dextera
1426 1960 1581 2008 posset,

379 2006 585 2061 sanguine
610 2014 839 2048 senserunt.
900 2014 941 2048 et
963 2007 1048 2048 iam
1073 2006 1203 2063 Sigea
1227 2008 1436 2051 rubebant

378 2062 519 2112 litora,
544 2062 629 2103 iam
651 2062 735 2104 leto
759 2063 896 2118 proles
920 2063 1135 2118 Neptunia
1159 2062 1331 2118 Cycnus

379 2118 492 2160 mille
516 2118 628 2160 viros
653 2119 844 2169 dederat,
868 2119 953 2160 iam
977 2133 1102 2160 curru
1125 2119 1309 2162 instabat
1332 2120 1520 2164 Achilles

378 2181 550 2228 totaque
573 2174 770 2217 Peliacae
794 2175 1006 2217 sternebat
1030 2175 1213 2231 cuspidis
1236 2176 1322 2219 ictu

312 2245 353 2276 75
379 2231 567 2286 agmina,
591 2245 750 2286 perque
774 2232 884 2274 acies
910 2239 983 2273 aut
1007 2230 1203 2286 Cycnum
1226 2241 1298 2275 aut
1322 2234 1509 2276 Hectora
1532 2248 1742 2290 quaerens
1776 2281 1778 2283 ,

378 2287 647 2342 congreditur
672 2286 833 2342 Cycno.
892 2288 1102 2330 decimum
1126 2288 1279 2331 dilatus
1302 2289 1346 2331 in
1371 2305 1528 2333 annum

376 2343 540 2385 Hector
563 2350 664 2385 erat.
723 2351 814 2385 tum
838 2344 945 2385 colla
968 2344 1069 2409 iugo
1094 2346 1287 2387 canentia
1309 2360 1475 2401 pressos

376 2399 620 2441 exhortatus
645 2413 775 2454 equos
800 2414 968 2442 currum
994 2401 1143 2443 dlrexit
1167 2401 1211 2443 in
1234 2402 1412 2453 hostem,

377 2456 704 2511 concutiensque
729 2456 814 2498 suis
839 2457 1048 2498 vibrantia
1071 2458 1153 2499 tela
1175 2457 1341 2500 lacertis

307 2525 352 2557 80
378 2511 586 2566 ‘quisquis
611 2527 674 2561 es,
699 2527 724 2553 o
748 2513 938 2563 iuvenis‚'
964 2513 1068 2554 dixit
1093 2514 1298 2557 ‘solamen
1320 2514 1474 2558 habeto

376 2568 540 2617 mortis,
565 2568 619 2610 ab
643 2569 881 2611 Haemonio
905 2569 1019 2623 quod
1043 2570 1099 2611 sis
1123 2570 1337 2626 iugulatus
1361 2570 1555 2614 Achille!

376 2623 579 2666 hactenus
603 2625 833 2667 Aeacides:
859 2640 1007 2668 vocem
1029 2626 1171 2681 gravis
1195 2626 1316 2669 hasta
1339 2634 1483 2670 secuta
1505 2634 1584 2670 est.

376 2680 451 2722 sed
475 2695 732 2735 quamquam
757 2689 868 2723 certa
891 2681 1031 2723 nullus
1055 2682 1136 2723 fuit
1159 2697 1273 2724 error
1294 2683 1338 2725 in
1361 2684 1494 2734 hasta,

376 2736 435 2777 nil
459 2743 600 2778 tamen
625 2737 766 2779 emissi
790 2737 968 2792 profecit
992 2738 1184 2781 acumine
1207 2739 1326 2790 ferri;

307 2804 350 2835 85
375 2799 506 2847 utque
530 2792 669 2836 hebeti
694 2800 839 2848 pectus
865 2795 1154 2837 tantummodo
1179 2795 1368 2838 contudit
1390 2795 1493 2847 ictu,
