1774 3256
347 243 403 287 38
789 250 832 286 P.
859 250 1023 287 0V1D11
1047 248 1262 287 NASONIS

350 333 461 389 cepit
484 332 769 382 Atlantiades,
793 332 925 374 dictas
950 347 975 374 a
997 331 1174 374 Pallade
1198 339 1328 374 terras

258 402 324 434 835
348 389 500 444 linquit
523 397 565 431 et
587 389 821 444 ingreditur
843 388 1006 430 iactatis
1032 388 1201 431 aethera
1223 388 1477 443 pennis..

350 452 519 488 sevocat
541 445 653 487 hunc
674 445 854 525 genitor.
911 459 990 487 nec
1015 459 1186 487 causam
1213 446 1351 487 fassus
1377 442 1532 487 amoris

350 501 453 544 ‘fide
476 501 683 543 minister’
709 501 801 543 ait‘
809 501 1036 552 iussorum,
1061 509 1178 552 nate,
1202 515 1405 551 meorum,

349 558 457 613 pelle
481 572 644 599 moram
666 558 872 612 solitoque
897 558 1008 600 celer
1031 558 1225 601 delabere
1250 572 1388 624 cursu,

350 628 542 680 quae-que
566 622 683 656 tuam
707 623 882 656 matrem
906 615 1028 657 tellus
1053 630 1078 656 a
1100 622 1219 670 parte
1243 614 1410 656 sinistra

260 683 327 715 840
352 671 524 726 suspicit
548 671 791 727 (indigenae
816 670 1021 714 Sidonida
1043 671 1212 713 nomine
1236 669 1414 725 dicunt),

351 727 461 769 hanc
483 735 598 783 pete3
623 727 821 782 quodque
845 728 991 783 procul
1015 736 1213 769 montano
1237 726 1427 783 gramine
1450 725 1567 782 pasci

351 792 587 826 armentum
609 784 752 839 regale
775 784 911 834 vides,
937 784 990 826 ad
1014 784 1135 826 litora
1158 784 1300 826 verte!

351 840 468 882 dixit.
527 847 569 882 et
593 840 758 896 expulsi
779 841 1025 887 iamdudum
1049 849 1191 883 monte
1214 839 1382 882 iuvenci

349 896 471 938 litora
494 896 609 938 iussa
632 905 798 952 petunt,
822 897 897 938 ubi
921 897 1065 952 magni
1087 897 1173 938 filia
1196 896 1308 951 regis

260 965 326 997 845
350 953 495 995 ludere
519 953 752 1008 virginibus
778 953 917 1008 Tyriis
942 953 1138 995 comitata
1162 953 1335 995 solebat.

351 1023 437 1051 non
461 1010 568 1052 bene
592 1009 847 1052 conveniunt
869 1024 948 1052 nec
970 1010 1014 1051 in
1038 1025 1123 1051 una
1146 1009 1244 1051 sede
1268 1014 1484 1050 morantur

350 1066 547 1108 maiestas
572 1075 613 1109 et
637 1081 765 1108 amor.
820 1066 974 1122 sceptri
996 1065 1202 1131 gravitate
1225 1065 1371 1107 relicta

350 1122 421 1164 ille
443 1130 563 1178 pater
585 1130 803 1177 rectorque
829 1122 973 1172 deum,
999 1122 1066 1164 cui
1090 1121 1238 1164 dextra
1260 1120 1441 1163 trisulcis

351 1179 521 1235 ignibus
546 1187 706 1220 armata
729 1186 810 1228 est,
835 1179 907 1232 qui
930 1185 1037 1220 nutu
1061 1177 1245 1220 concutit
1268 1177 1426 1227 orbem,

261 1248 328 1279 850
351 1235 540 1277 induitur
562 1235 714 1277 faciem
739 1235 847 1276 tauri
871 1234 1111 1288 mixtusque
1135 1233 1323 1276 iuvencis

350 1291 488 1347 mugit
512 1299 553 1333 et
576 1291 620 1332 in
645 1292 798 1333 teneris
822 1291 1030 1332 formosus
1054 1290 1299 1333 obambulat
1321 1289 1476 1332 herbis.

352 1348 508 1403 quippe
533 1348 646 1389 color
669 1348 777 1389 nivis
802 1355 882 1396 est,
907 1361 1036 1401 quam
1059 1361 1137 1389 nec
1160 1347 1338 1402 vestigia
1362 1346 1456 1388 duri

352 1405 567 1446 calcavere
592 1404 710 1459 pedis
734 1419 812 1446 nec
837 1403 960 1445 solvit
984 1403 1202 1458 aquaticus
1227 1410 1380 1445 auster.

353 1461 460 1502 colla
483 1460 583 1502 toris
608 1467 770 1509 extant3
795 1460 920 1502 armis
944 1460 1128 1515 palearia
1151 1459 1353 1516 pendent3

262 1529 327 1562 855
352 1531 509 1559 cornua
531 1531 663 1572 parva
685 1516 876 1570 quidem,
901 1516 976 1558 sed
999 1531 1107 1571 quae
1132 1516 1382 1559 contendere
1405 1515 1541 1572 possis

352 1573 466 1615 facta
488 1588 636 1622 manu,
661 1587 850 1628 puraque
874 1573 1010 1629 magis
1033 1573 1249 1628 perlucida
1271 1587 1453 1628 gemma.

351 1630 528 1671 nullae’
516 1645 560 1671 m
584 1629 721 1671 fronte
746 1630 903 1679 minae,
926 1644 1005 1672 nec
1029 1629 1292 1672 formidabile
1315 1629 1476 1671 lumen:

350 1700 500 1741 pacem
523 1686 664 1727 vultus
689 1685 828 1727 habet.
887 1686 1062 1727 miratur
1084 1686 1285 1741 Agenore
1308 1693 1421 1734 nata,

351 1742 466 1796 quod
489 1750 575 1783 tam
598 1742 828 1792 formosus,
854 1742 968 1797 quod
992 1742 1151 1797 proelia
1174 1743 1289 1784 nulla
1313 1741 1506 1785 minetur.

261 1812 328 1844 860
352 1799 445 1848 sed,
469 1798 661 1853 quamvis
686 1799 848 1848 mitem,
873 1799 1023 1841 metuit
1046 1798 1287 1864 contingere
1310 1798 1464 1854 primo·

350 1869 450 1897 mox
474 1854 562 1896 adit
586 1862 628 1897 et
650 1855 774 1897 flores
798 1830 852 1896 ad
877 1855 1054 1897 candida
1078 1855 1254 1911 porrigit
1277 1869 1363 1896 ora.

351 1912 508 1967 gaudet
532 1926 677 1953 amans
703 1918 762 1961 et,
786 1911 888 1952 dum
911 1911 1051 1954 veniat
1075 1919 1241 1967 sperata
1264 1911 1361 1953 volu
1395 1919 1472 1961 tas,

351 1968 495 2010 oscula
518 1968 590 2009 dat
614 1968 820 2009 manibus.
879 1968 950 2009 vix
973 1968 1075 2017 iam,
1100 1968 1172 2009 vix
1196 1974 1334 2010 cetera
1386 1967 1510 2019 iffert,

351 2032 393 2066 et
415 2039 528 2066 nunc
553 2024 701 2066 alludit
724 2024 930 2078 viridique
954 2023 1148 2066 exultat
1137 2039 1181 2065 ιιι
1204 2023 1347 2074 herba,

261 2094 326 2125 865
351 2096 463 2123 nunc
487 2081 632 2122 latus'
620 2096 664 2122 ιιι
688 2080 815 2122 fulvis
838 2081 1009 2123 niveum
1034 2080 1205 2136 deponit
1228 2080 1413 2123 harenis:

348 2137 635 2192 paulatimque
659 2144 775 2179 metu
798 2137 967 2192 dempto
991 2137 1116 2179 modo
1140 2143 1310 2192 pectora
1331 2136 1506 2192 praebet

350 2194 540 2249 virginea
563 2194 775 2259 palpanda
798 2209 945 2243 manu,
969 2194 1094 2235 modo
1119 2207 1275 2236 cornua
1299 2193 1418 2235 sertis

350 2229 617 2305 impedienda
640 2249 773 2292 novis.
832 2265 935 2292 ausa
959 2257 1022 2292 est
1044 2264 1212 2304 quoque
1235 2249 1352 2305 regia
1375 2249 1510 2305 virgo,

350 2306 492 2348 nescia
515 2320 641 2360 quem
665 2314 890 2362 premeret,
914 2313 1032 2362 tergo
1057 2306 1272 2348 considere
1297 2306 1424 2348 tauri:

261 2375 327 2406 870
351 2377 447 2404 cum
473 2362 576 2404 deus
602 2378 626 2404 a
650 2370 760 2405 terra
784 2363 979 2417 siccoque
1004 2378 1029 2404 a
1052 2362 1171 2404 litore
1196 2362 1352 2404 sensim

350 2418 458 2461 falsa
480 2419 637 2474 pedum
661 2419 805 2475 primis
829 2419 1007 2475 vestigia
1029 2419 1146 2474 ponit
1169 2419 1214 2460 in
1237 2418 1374 2467 undis,

348 2474 447 2517 inde
471 2475 559 2517 abit
583 2476 756 2517 ulterius
780 2453 991 2529 mediique
1013 2489 1090 2541 per
1112 2488 1296 2529 aequora
1317 2474 1443 2530 ponti

349 2531 431 2573 fert
454 2532 668 2586 praedam.
727 2538 854 2587 pavet
876 2531 981 2574 haec
1003 2531 1185 2586 litusque
1210 2530 1350 2573 ablata
1372 2530 1565 2573 relictum

348 2587 536 2652 respicit,
560 2596 602 2630 et
626 2588 774 2630 dextra
797 2602 971 2630 cornum
994 2595 1125 2638 tenet,
1150 2588 1280 2630 altera
1303 2587 1425 2629 dorso

260 2655 326 2687 875
350 2642 546 2699 imposita
570 2651 651 2694 est3
677 2645 879 2687 tremulae
903 2644 1123 2687 sinuantur
1145 2644 1312 2687 flamine
1336 2651 1488 2687 vestes.
