1774 3256
275 234 332 277 62
717 244 761 280 P.
788 243 954 281 0V1D11
977 243 1195 281 NASONIS

275 339 374 381 pars
398 324 488 368 fieri
511 325 698 381 potuisse
721 331 878 380 negant
886 341 897 374 3
923 339 1020 380 pars
1046 325 1187 367 omnia
1210 340 1332 368 veros

275 396 399 436 posse
423 382 523 424 deos
548 389 800 424 memorant:
826 380 901 423 sed
924 395 1009 423 non
1033 389 1097 424 est
1120 381 1316 425 Bacchus
1338 382 1383 425 in
1404 382 1502 428 illis.

276 438 462 493 poscitur
484 437 699 488 Alcithoe‘,
725 445 950 493 postquam
974 437 1126 480 siluere
1151 452 1327 481 sorores.

186 506 251 537 275
277 508 384 547 quae
408 493 526 535 radio
550 494 698 536 stantis
722 508 968 549 percurrens
993 494 1172 536 stamina
1194 495 1303 538 telae

277 550 489 605 ‘vulgatos
513 550 650 592 taceo'
675 550 781 593 dixit
805 551 1002 606 ‘pastoris
1026 565 1188 593 amores

274 606 516 662 Daphnidis
539 606 677 657 Idaei,
702 621 829 661 quem
851 606 1037 662 nymphe
1060 607 1205 663 pelicis
1229 607 1292 650 ira

276 663 452 705 contulit
473 662 518 704 in
542 678 705 705 saxum.
752 670 893 705 tantus
918 663 1037 705 dolor
1060 663 1144 706 urit
1168 671 1391 721 amantes„

274 733 354 761 nec
377 719 539 774 loquor,
563 726 610 761 ut
634 720 849 774 quondam
871 727 1046 762 naturae
1070 721 1160 762 iure
1185 728 1339 763 novato

185 787 252 820 280
277 775 500 832 ambiguus
524 775 651 818 fuerit
674 776 799 818 modo
824 776 900 826 vir,
925 777 1050 818 modo
1074 776 1231 819 femina
1256 776 1422 820 Sithon.

275 840 317 874 te
341 846 530 887 quoque,
554 847 668 874 nunc
691 833 883 883 adamas,
908 833 1121 887 quondam
1144 833 1344 876 fidissime
1367 848 1512 890 parvo,

277 886 432 938 Celmi,
458 889 569 939 Iovi,
593 889 795 945 largoque
818 897 931 931 satos
957 888 1136 932 Curetas
1161 890 1215 931 ab
1238 890 1376 940 imbri,

276 956 317 987 et
343 943 510 987 Crocon
533 945 577 987 in
601 960 753 1001 parvos
777 961 945 988 versum
970 960 1067 987 cum
1092 945 1276 989 Smilace
1299 947 1423 990 flores

274 1009 512 1057 praetereo,
538 1002 735 1056 dulcique
759 1002 919 1044 animos
944 1003 1130 1044 novitate
1153 1003 1319 1044 tenebo.

185 1069 251 1101 285
332 1057 461 1100 Unde
486 1058 537 1100 sit
560 1058 744 1109 infamis,
769 1073 899 1113 quare
922 1059 1031 1101 male
1055 1058 1235 1101 fortibus
1253 1058 1379 1102 undis
1403 1057 1592 1099 (Salmacis
1606 1064 1642 1093 et

277 1113 484 1157 Salmacis
509 1122 680 1157 enervet
702 1122 919 1170 tactosque
942 1115 1148 1157 remolliat
1171 1122 1300 1166 artus,
1466 1148 1582 1193 dim)
1600 1115 1641 1138 ⁰’

277 1171 436 1213 discite.
496 1185 624 1213 causa
646 1171 765 1221 latet3
791 1172 853 1213 vis
879 1171 1182 1223 est‘notissima
1206 1172 1347 1215 fontis.
1558 1174 1567 1183 '

275 1226 492 1269 Mercurio
516 1242 696 1283 puerum
721 1228 819 1270 diva
844 1226 1098 1282 Cythereide
1121 1235 1271 1270 natum

275 1283 434 1326 Naides
458 1284 599 1326 Idaeis
624 1284 859 1326 enutrivere
884 1284 963 1326 sub
988 1284 1138 1335 antris;

186 1353 252 1385 290
277 1340 395 1382 cuius
421 1348 510 1382 erat
533 1340 681 1390 facies,
705 1341 750 1382 in
774 1355 858 1395 qua
881 1347 1100 1395 materque
1123 1348 1327 1397 paterque

276 1396 475 1452 cognosci
498 1404 689 1452 possent:
713 1411 869 1439 nomen
893 1412 1064 1452 quoque
1088 1397 1213 1439 traxit
1238 1398 1292 1440 ab
1315 1397 1411 1442 illis.

275 1453 311 1495 is
336 1453 415 1495 tria
439 1467 535 1495 cum
558 1453 741 1509 primum
765 1453 864 1496 fecit
888 1454 1194 1508 quinquennia,
1218 1462 1382 1497 montes

277 1509 461 1553 deseruit
483 1510 661 1565 patrios,
686 1510 849 1565 Idaque
874 1511 1016 1553 altrice
1042 1510 1186 1553 relicta

275 1566 431 1621 ignotis
456 1581 594 1609 errare
618 1567 739 1618 locis,
763 1567 909 1623 ignota
932 1567 1075 1610 videre

185 1635 251 1667 295
275 1623 450 1665 flumina
473 1623 708 1679 gaudebat,
731 1623 871 1666 studio
895 1624 1109 1666 minuente
1132 1624 1333 1667 laborem.

275 1679 346 1722 ille
370 1679 496 1722 etiam
520 1679 677 1735 Lycias
701 1680 828 1722 urbes
853 1680 1098 1736 Lyciaeque
1122 1681 1380 1736 propinquos

277 1734 412 1778 Caras
436 1736 534 1778 adit.
593 1736 707 1778 videt
731 1736 800 1778 hic
823 1744 1021 1792 stagnum
1044 1737 1221 1779 lucentis
1245 1738 1298 1779 ad
1322 1738 1456 1779 imum

275 1807 410 1847 usque
434 1793 571 1834 solum
594 1792 804 1848 lymphae.
862 1807 947 1835 non
969 1793 1054 1835 illic
1079 1807 1214 1835 canna
1236 1793 1434 1849 palustris

274 1864 354 1891 nec
378 1849 538 1891 steriles
560 1849 686 1891 ulvae
709 1863 787 1891 nec
812 1856 936 1891 acuta
959 1850 1132 1905 cuspide
1155 1849 1289 1891 iunci:

185 1918 251 1950 300
275 1905 523 1962 perspicuus
545 1905 683 1960 liquor
707 1913 782 1948 est.
842 1906 980 1962 stagni
1003 1913 1145 1948 tamen
1168 1905 1316 1948 ultima
1339 1905 1438 1949 vivo

276 1962 459 2018 caespite
484 1962 711 2017 cinguntur
734 1977 983 2018 semperque
1008 1962 1238 2005 virentibus
1262 1961 1417 2005 herbis.

273 2018 464 2074 nympha
487 2018 604 2069 colit,
629 2019 704 2060 sed
727 2033 806 2061 nec
830 2019 1052 2061 venatibus
1077 2026 1194 2075 apta,
1218 2033 1299 2061 nec
1321 2033 1445 2062 arcus

274 2075 442 2117 flectere
466 2089 575 2129 quae
601 2076 752 2126 soleat,
776 2090 856 2118 nec
880 2090 989 2130 quae
1014 2075 1266 2117 contendere
1291 2089 1436 2127 cursu3

275 2132 448 2186 solaque
470 2131 683 2173 Naiadum
708 2131 833 2174 celeri
855 2146 940 2173 non
963 2139 1064 2174 nota
1085 2131 1267 2175 Dianae.

183 2201 248 2233 305
275 2203 400 2244 saepe
424 2203 522 2230 suas
546 2188 607 2230 illi
629 2188 744 2230 fama
766 2195 828 2230 est
853 2188 1008 2231 dixisse
1033 2203 1195 2231 sorores

275 2244 511 2294 “Salmaci‚
536 2244 604 2286 vel
626 2244 812 2287 iaculum
835 2245 903 2287 vel
926 2245 1060 2301 pictas
1085 2259 1204 2287 sume
1227 2244 1461 2301 pharetras,

274 2308 316 2343 et
340 2307 414 2343 tua
437 2315 534 2343 cum
559 2301 674 2343 duris
698 2301 920 2344 venatibus
946 2302 1031 2344 otia
1053 2301 1236 2344 misce:’'

272 2372 352 2399 nec
374 2357 558 2400 iaculum
582 2357 709 2399 sumit
731 2372 810 2400 nec
832 2358 967 2414 pictas
990 2358 1063 2400 illa
1085 2358 1316 2414 pharetras,

272 2428 351 2455 nec
376 2429 453 2455 sua
477 2428 576 2456 cum
600 2414 714 2456 duris
739 2415 961 2456 venatibus
985 2414 1070 2457 otia
1092 2414 1260 2465 miscet3

181 2482 249 2515 310
274 2470 348 2512 sed
371 2469 497 2512 modo
520 2470 638 2513 fonte
662 2485 739 2513 suo
763 2471 968 2513 formosos
992 2470 1146 2527 perluit
1169 2477 1298 2522 artus,

273 2541 399 2582 saepe
426 2525 651 2582 Cytoriaco
676 2526 846 2569 deducit
869 2527 1035 2583 pectine
1059 2527 1208 2578 crines,

272 2590 314 2624 et
338 2582 440 2637 quid
463 2597 508 2625 se
534 2583 701 2633 deceat,
726 2591 934 2639 spectatas
959 2583 1139 2626 consulit
1160 2582 1316 2634 undas3

270 2653 385 2680 nunc
406 2639 639 2694 perlucenti
664 2639 921 2682 circumdata
944 2654 1095 2696 corpus
1120 2640 1276 2682 amictu

271 2694 469 2736 mollibus
495 2702 568 2736 aut
591 2695 702 2737 foliis
727 2703 799 2738 aut
822 2696 1019 2739 mollibus
1042 2696 1216 2739 incubat
1238 2695 1399 2746 herbis3

180 2764 245 2797 315
271 2766 398 2807 saepe
421 2751 525 2808 legit
547 2752 682 2796 flores.
737 2760 777 2795 et
800 2759 902 2795 tunc
926 2767 1095 2808 quoque
1118 2752 1226 2795 forte
1249 2752 1435 2809 legebat,
