1786 3242
312 232 807 271 METAMORPHOSEON
829 232 929 270 LIB.
952 232 1058 270 XIV.
1083 231 1279 269 204-291.

104 330 185 364 nos
206 328 378 372 quoque
403 312 583 359 Circaeo
607 315 787 371 religata
808 314 854 358 in
876 315 998 358 litore
1022 314 1140 371 pinu,

66 374 73 429 J
105 370 368 430 Antiphatae
392 386 601 415 memores
624 372 964 428 inmansuetique
988 369 1204 428 Cyclopis,

62 472 73 479 „
104 429 169 476 ire
189 427 455 486 negabamus
479 429 548 472 vel
571 436 684 472 tecta
705 428 854 485 ignota
876 428 1032 472 subire.

55 507 65 542 f
102 492 220 530 sorte
243 500 391 528 sumus
413 485 526 528 lecti.
585 500 676 529 sors
699 500 768 528 me
792 485 1010 541 fidumque
1033 484 1204 528 Politen

54 559 59 566 ‘¹
104 540 486 598 Eurylochumque
509 543 635 585 simul
658 542 863 598 nimiique
886 542 1102 599 Elpenora
1126 542 1214 584 vini

47 613 60 638 .·
103 597 258 654 bisque
280 613 438 642 novem
460 599 596 642 socios
621 597 801 643 Circaea
824 599 880 641 ad
902 599 1071 642 moenia
1093 598 1220 641 misit.

58 675 61 679 ’
100 669 218 712 quae
240 653 368 698 simul
392 655 610 712 attigimus
635 655 915 710 stetimusque
938 655 982 698 in
1004 655 1150 698 limine
1174 654 1288 706 tecti,

58 715 61 717 ’
103 711 221 756 mille
243 711 336 768 lupi
358 711 603 767 mixtaeque
625 711 737 768 lupis
762 726 970 767 ursaeque
993 712 1171 767 leaeque

52 794 55 798 ›
105 782 288 812 occursu
309 767 451 812 fecere
473 776 649 812 metum.
709 768 784 811 sed
806 769 925 811 nulla
948 768 1137 811 timenda

104 825 307 881 nullaque
331 831 422 869 erat
443 833 589 868 nostro
612 825 778 868 factura
800 825 846 867 iu
870 839 1045 881 corpore
1069 825 1238 868 vulnus.

46 884 59 906 ²
101 880 210 938 quin
233 881 362 925 etiam
385 881 564 925 blandas
587 896 758 925 movere
781 896 860 938 per
883 885 982 924 acra
1006 882 1164 925 caudas

50 966 52 970 ·
105 945 337 994 nostraque
359 937 580 982 adulantes
605 939 808 981 comitant
831 938 1030 995 vestigia,
1055 938 1190 981 donec

54 993 56 998 ’
102 995 200 1040 cxci
231 995 326 1038 iunt
348 995 536 1039 famulae
559 1009 719 1052 perque
744 995 850 1038 atria
872 1009 1083 1038 marmore
1107 1002 1220 1038 tecta

103 1051 164 1096 ad
215 1051 404 1095 ominam
426 1052 600 1095 ducunt.
659 1052 838 1108 pulchro
862 1052 982 1096 sedet
1003 1051 1078 1094 illa
1101 1067 1273 1096 recessu

0 1162 1 1172 ἵ
104 1109 299 1153 sollemni
323 1108 444 1160 solio,
467 1109 711 1174 pallamque
734 1108 883 1152 induta
908 1109 1113 1152 nitentem

51 1213 53 1219 ¹
103 1165 282 1222 insuper
304 1173 453 1208 aurato
477 1166 804 1209 circumvelatur
827 1166 998 1208 amictu.

0 1239 1 1251 ³
105 1221 312 1266 Nereides
335 1221 451 1278 Nym
483 1221 649 1278 haeque
674 1222 818 1274 simul,
844 1237 954 1278 quae
978 1223 1136 1266 vellera
1159 1222 1285 1265 motis

53 1283 55 1302 ³
102 1279 225 1322 nulla
246 1277 419 1322 trahunt
443 1237 588 1336 digitis
611 1294 691 1323 nec
714 1279 786 1322 fila
810 1279 1032 1335 sequentia
1055 1279 1236 1322 ducunt:

44 1344 46 1346 ’
105 1334 302 1394 gramina
324 1335 556 1392 disponunt
579 1350 833 1393 sparsosque
858 1337 948 1379 sine
973 1336 1121 1379 ordine
1144 1336 1268 1379 flores

56 1423 57 1426 =
103 1399 332 1436 secernunt
356 1392 532 1436 calathis
556 1393 781 1448 variasque
806 1393 1016 1436 coloribus
1041 1393 1210 1436 herbas.

45 1467 48 1469 ·
104 1449 218 1506 ipsa,
242 1449 358 1506 quod
381 1449 463 1493 hae
487 1449 670 1501 faciunt,
695 1465 804 1506 opus
829 1450 980 1506 exigit3
1004 1450 1118 1516 ips-a,
1142 1450 1238 1504 quis
1263 1465 1366 1493 usus

0 1515 1 1518 ’
45 1540 48 1543 .
102 1520 247 1562 quove
271 1506 326 1549 sit
348 1506 390 1549 in
415 1506 533 1558 folio,
558 1521 669 1562 quae
692 1507 747 1549 sit
770 1507 997 1554 concordia
1020 1506 1177 1557 mixtis,

42 1589 44 1602 2
102 1562 225 1606 novit
247 1570 291 1606 et
314 1563 540 1607 advertens
563 1578 719 1620 pensas
743 1564 957 1607 examinat
980 1563 1148 1606 herbas.

103 1619 211 1663 haec
234 1619 311 1662 ubi
333 1634 412 1663 nos
436 1619 561 1670 vidit,
586 1620 700 1663 dicta
723 1628 982 1677 acceptaque
1007 1621 1156 1671 salute,

9 1654 15 1660 .
49 1691 53 1725 ζ
101 1675 278 1720 diffudit
300 1677 445 1720 vultus
469 1686 511 1721 et
533 1676 719 1720 reddidit
742 1677 885 1720 omina
907 1677 1029 1720 votis.

49 1776 51 1778 .
75 1763 79 1765 Α
103 1747 185 1777 nec
207 1747 349 1785 mora,
369 1733 539 1777 misceri
561 1733 662 1776 tosti
684 1733 804 1777 iubet
827 1734 986 1777 hordea
1009 1734 1133 1790 grani

35 1800 44 1811 ¹
103 1790 318 1846 mellaque
341 1789 513 1846 vimque
536 1790 643 1834 meri
667 1805 766 1833 cum
788 1791 898 1834 lacte
922 1792 1104 1846 coagula
1127 1805 1268 1847 passo,

40 1847 47 1894 ²2
103 1846 265 1914 quique
289 1846 370 1890 sub
392 1846 475 1890 hac
496 1847 658 1890 lateant
680 1847 829 1890 furtim
852 1847 1097 1898 dulcedine,
1123 1862 1248 1891 sucos

101 1903 247 1958 adicit.
307 1903 540 1961 accipimus
564 1919 686 1948 sacra
710 1904 810 1948 data
832 1904 988 1971 pocula
1012 1905 1175 1947 dextra.

43 2010 45 2014 A
105 1974 218 2016 quae
241 1959 368 2004 simul
391 1961 527 2004 arenti
550 1960 740 2004 sitientes
764 1961 984 2004 hauslmus
1009 1977 1096 2012 ore,

37 2031 53 2065 ζ-
102 2024 148 2061 et
172 2016 247 2061 teti
280 2017 312 2060 't
335 2032 524 2061 summos
548 2017 670 2074 virga
695 2018 776 2061 dea
800 2018 892 2061 dira
916 2018 1107 2075 capillos,
1131 2042 1190 2049 —-

102 2079 148 2118 ct
169 2088 230 2141 pu
261 2081 304 2117 et
327 2081 370 2118 et
392 2074 575 2118 referam
597 2098 656 2105 —
679 2075 805 2118 saetis
830 2075 1073 2118 horrescere
1098 2075 1220 2132 coepi

103 2145 186 2174 nec
207 2145 295 2174 lam
316 2145 443 2188 posse
466 2131 603 2187 loqui,
628 2147 705 2188 pro
730 2131 871 2175 verbis
896 2132 1022 2175 edere
1044 2147 1225 2175 raucum

103 2202 299 2231 murmur
321 2195 365 2231 et
386 2187 432 2230 in
454 2194 611 2232 terram
635 2196 723 2231 toto
747 2189 1028 2245 procumbere
1052 2189 1194 2231 vultuz

24 2239 36 2291 ,Ῑ
101 2257 238 2344 0841320
260 2259 406 2288 meum
429 2245 543 2288 sensi
566 2245 708 2302 pando
732 2246 1012 2289 occallescere
1036 2253 1187 2296 rostro,

39 2334 43 2347 2
103 2314 156 2345 co
237 2308 402 2345 tumere
426 2301 548 2354 toris,
573 2309 615 2345 et
639 2317 725 2357 qua
747 2302 875 2345 modo
899 2303 1052 2359 pocula
1075 2309 1196 2359 parte

14 2379 16 2382 ·
39 2368 43 2399 ’.
103 2364 276 2415 sumpta
298 2358 404 2409 mihi
427 2358 617 2409 fuerant,
641 2359 714 2402 illa
738 2359 919 2416 vestigia
942 2359 1039 2403 feci.

41 2418 53 2453 ἶ
105 2428 205 2458 cum
235 2429 290 2458 ue
315 2415 465 2459 eadem
487 2415 624 2472 passis
649 2415 836 2471 (tantum
859 2416 1143 2460 medicamina
1166 2415 1385 2473 possunti)

103 2470 203 2515 clau
234 2486 283 2515 or
305 2471 429 2523 hara3
454 2472 678 2528 solumque
703 2473 791 2516 suis
816 2474 1002 2516 caruisse
1025 2473 1166 2530 figura

103 2527 289 2572 vidimus
313 2527 626 2586 Eurylochum:
652 2529 766 2572 solus
791 2529 892 2573 data
914 2531 1069 2587 pocula
1092 2529 1216 2587 fugit.

46 2611 53 2635 3
102 2598 216 2641 quae
239 2585 321 2629 nisi
346 2585 539 2637 vitasset,
563 2586 728 2643 pecoris
752 2601 852 2643 pars
876 2602 963 2630 una
986 2602 1204 2630 manerem

46 2658 49 2666 ¹
103 2655 219 2685 nunc
242 2656 414 2698 quoque
439 2642 663 2699 saetigeri‚'
682 2658 762 2686 nec
789 2650 930 2687 tantae
956 2644 1086 2687 cladis
1112 2644 1166 2687 ab
1190 2643 1262 2687 illo

103 2698 259 2742 certior
282 2698 338 2742 ad
362 2697 519 2743 Circen
542 2699 654 2742 ultor
679 2700 863 2743 venisset
886 2700 1051 2744 Ulixes.

50 2783 53 2785 v
104 2754 267 2812 pacifer
289 2755 390 2800 huic
415 2756 589 2802 dederat
613 2757 760 2801 florem
787 2755 1009 2816 Cyllenius
1035 2758 1199 2803 album:

176 2821 266 2853 ovidii
282 2822 332 2853 vot.
345 2822 388 2852 ιι.
1214 2825 1259 2862 16

1400 222 1483 266 241

1511 441 1579 474 250

1513 725 1578 758 255

1511 1009 1579 1042 260

1512 1293 1579 1326 265

1514 1577 1580 1609 270

1515 1861 1580 1893 275

1516 2146 1581 2178 280

1514 2430 1581 2462 285

1515 2715 1582 2749 290
