1786 3242
371 235 868 274 METAMORPHOSEON
890 237 989 274 LIB.
1014 237 1082 274 IX.
1108 238 1302 275 451-538.
1443 230 1525 274 157

96 316 255 377 ,ῖζῑφὶἆ
275 316 380 361 mihi
403 316 645 360 s‘trnificant
668 332 770 374 ergo
794 334 890 362 mea
913 318 1030 361 visa?
1064 319 1180 375 quod
1203 327 1348 363 autem
1549 335 1617 368 495

90 374 315 423 aemma
337 388 424 432 pon
455 389 504 417 us
529 374 713 417 habent?
749 390 804 418 an
827 375 987 418 habent
1009 383 1053 419 et
1076 377 1240 420 somnia
1263 377 1456 434 pondus?

86 447 101 482 {7
122 429 198 481 &iffi
217 430 389 475 melius!
412 455 470 462 —
492 431 537 473 di
559 446 713 498 nempe
738 447 836 475 suas
861 432 1047 476 habuere
1072 433 1254 477 sorores!

117 497 127 504 ’
142 486 449 548 ..io‘Saturnus
473 486 637 545 Opem,
660 497 850 531 1unctam
875 489 955 532 sibi
979 491 1206 547 sanguine,
1232 491 1389 535 duxit:-

80 552 89 587 ζ
144 541 355 588 Oceanus
378 543 565 602 Tethyn,
589 545 797 588 Iunonem
820 553 959 589 rector
983 545 1174 604 Olympi.

87 621 101 644 ᾳ
141 608 250 647 sunt
272 601 438 659 superis
462 617 540 645 sua
562 602 668 645 iura.
727 603 830 658 quid
854 603 909 645 ad
934 604 1133 647 caelestia
1155 604 1259 648 ritus
1549 621 1618 654 500

79 695 90 710 „
145 657 321 716 exigere
343 657 553 702 humanos
577 659 828 714 diversaque
853 659 1027 702 foedera
1050 662 1236 717 tempto?

83 723 85 727 “
115 735 121 739 ,
145 722 225 759 ant
245 722 391 759 nostro
414 715 570 759 vetitus
593 715 647 758 de
671 716 798 758 corde
821 716 1042 773 fugabitur
1065 719 1203 768 ardor,

75 783 92 804 ⁷
145 778 225 816 ant
244 771 328 816 hoc
351 772 388 815 si
410 786 591 828 nequeo,
614 787 788 829 peream
811 787 963 829 precor
985 781 1082 816 ante
1106 782 1282 830 toroque

81 833 93 871 '2
146 836 316 873 mortua
339 843 434 872 com
465 843 582 880 onar,
605 829 853 886 positaeque
878 830 950 872 det
972 831 1117 874 oscula
1139 831 1282 875 frater.

54 893 73 938 ,ἰ
125 891 192 930 ‚ot
212 892 428 939 tamen-ar
457 885 602 929 itrium
625 886 791 942 quaerit
813 901 881 930 res
905 886 987 929 ista
1011 887 1205 930 duorum.
1549 904 1616 937 505

84 947 86 951 “
145 941 263 1000 finge
284 943 453 1000 placere
475 943 598 985 mihi:
623 944 762 986 scelus
786 958 879 986 esse
903 943 1116 987 videbitur
1138 944 1217 987 illi!

79 1002 82 1003 ⁷
143 1006 193 1043 at
213 1013 300 1048 non
323 999 534 1043 Aeolidae
558 1000 765 1043 thalamos
789 1000 970 1044 timuere
993 1015 1199 1044 sororum·

64 1052 73 1094 ',
144 1056 261 1101 unde
283 1057 365 1107 sed,
382 1057 462 1100 hos
484 1057 611 1100 novi?
635 1057 711 1100 cu'r
733 1057 839 1100 haec
863 1058 1059 1114 exempla
1082 1059 1255 1114 paravi?

86 1136 90 1139 ·
141 1127 232 1170 quo
254 1112 394 1161 feror?
422 1113 631 1157 obscenae
655 1115 802 1170 procul
825 1113 925 1158 hinc
948 1115 1151 1158 discedite
1175 1117 1384 1168 flammae,

0 1178 1 1182 ’
54 1211 67 1222 ,.
143 1184 244 1222 nec,
266 1170 350 1213 nisi
373 1184 461 1226 qua
482 1171 549 1214 fas
573 1179 635 1214 est
659 1186 908 1227 germanae,
931 1172 1063 1215 frater
1086 1182 1264 1216 ametur.
1549 1188 1617 1221 510

141 1227 183 1271 si
205 1234 348 1275 tamen
370 1227 463 1294 ipse
487 1242 583 1271 meo
607 1235 756 1285 captus
781 1229 896 1284 prior
920 1237 1031 1272 esset
1055 1244 1211 1281 amore,

60 1335 61 1339 Ἰ
142 1283 324 1328 forsitan
345 1284 460 1328 ilhus
482 1300 653 1342 possem
675 1285 898 1342 indulgere
922 1286 1068 1329 furori.

51 1343 66 1385 ἶ
107 1388 111 1393 ,
141 1355 248 1399 crgo
271 1355 367 1399 ego,
391 1355 502 1398 quae
524 1342 690 1385 fueram
713 1357 798 1384 non
823 1343 1031 1386 reiectura
1054 1351 1283 1400 petentem,

140 1396 238 1456 ipsa
258 1399 428 1456 petam?
461 1399 674 1456 poterisne
697 1399 841 1455 loqui?
865 1401 1078 1456 poterisne
1103 1400 1254 1444 fateri?

140 1463 271 1512 coget
293 1470 431 1499 amor:
456 1463 616 1513 potero.
677 1457 763 1506 vel,
789 1457 824 1499 si
847 1457 986 1513 pudor
1009 1472 1084 1500 ora
1107 1458 1279 1511 tenebit,
1548 1473 1615 1506 515

141 1512 291 1556 littera*
306 1513 464 1556 celatos
488 1527 644 1556 arcana
667 1513 871 1556 fatebitur
894 1514 1042 1570 ignes!

141 1568 225 1612 hoc
246 1569 407 1626 placet,
431 1569 539 1613 haec
562 1570 735 1612 dubiam
762 1570 863 1613 vicit
887 1572 1096 1614 sententia
1118 1579 1319 1616 mentem.

55 1670 59 1682 ,Υ
138 1625 187 1669 in
208 1626 322 1669 latus
345 1627 535 1683 erigitur,
560 1627 790 1682 cubitoque
813 1627 960 1670 innixa
983 1629 1152 1672 sinistro

55 1686 65 1735 ζ
141 1683 334 1730 ‘videritz
357 1683 549 1727 insanos’
572 1683 711 1739 inquit
735 1684 965 1728 ‘fateamur
988 1700 1166 1729 amores,

59 1751 71 1767 ’-
138 1739 182 1784 ei
202 1739 326 1783 mihil
351 1754 437 1796 quo
459 1740 605 1783 labor?
629 1755 758 1796 quem
781 1757 901 1784 mens
925 1757 1022 1785 mea
1044 1743 1229 1810 concipit
1251 1744 1441 1801 ignem?’
1547 1757 1615 1791 520

137 1804 185 1840 et
206 1796 412 1841 meditata
434 1813 566 1840 manu
588 1798 805 1855 componit
828 1799 959 1842 verba
982 1806 1192 1842 trementi.

137 1854 291 1898 dextra
312 1861 430 1898 tenet
451 1854 632 1905 ferrum,
657 1869 839 1898 vacuam
863 1863 978 1899 tenet
1003 1857 1136 1900 altera
1159 1871 1313 1900 ceram.

138 1911 307 1968 incipit,
332 1918 375 1956 et
398 1911 583 1954 dubitat:
609 1911 766 1962 scribit,
792 1913 1051 1968 damnatque
1074 1914 1271 1958 tabellas:

137 1974 184 2012 et
203 1975 344 2019 notat,
369 1975 412 2012 et
435 1968 567 2012 delet:
590 1975 729 2012 mutat
752 1970 980 2026 culpatque
1004 1971 1260 2027 probatque:

93 2018 96 2029 ¹
137 2025 429 2092 inque'vicem
453 2033 645 2082 sumptas
669 2026 790 2082 ponit
800 2027 1057 2126 (positasque
1081 2028 1271 2071 resumit.
1547 2044 1613 2077 525

134 2082 245 2138 quld
266 2082 387 2134 velit,
410 2082 599 2139 ignorat3
623 2083 798 2139 quicqui
852 2084 1019 2127 factura
1042 2084 1225 2136 videtur,

134 2139 352 2206 displicet:
376 2139 422 2183 in
445 2140 568 2183 vultu
591 2147 656 2183 est
679 2140 860 2184 audacia
883 2141 1018 2184 mixta
1040 2142 1207 2198 pudori.

135 2203 296 2253 scripta
318 2197 475 2240 ‘soror'
499 2197 658 2240 fuerat:
682 2197 823 2240 visum
847 2206 912 2241 est
935 2199 1075 2242 delere
1100 2214 1286 2244 sororem

139 2253 356 2310 verbaque
381 2254 579 2297 correctis
603 2254 790 2297 incidere
815 2255 917 2297 talia
941 2256 1066 2298 ceris:

134 2314 306 2366 ‘quam,
329 2311 412 2354 nisi
435 2318 483 2354 tu
507 2311 689 2362 dederis,
714 2326 800 2354 non
825 2319 888 2355 est
911 2311 1110 2355 habitura
1133 2313 1328 2365 salutem,
1545 2329 1613 2362 530

136 2366 250 2411 hanc
271 2367 350 2410 tibi
373 2368 503 2411 mittit
527 2384 688 2411 amans.
748 2369 894 2424 pudet,
920 2368 965 2412 a!
990 2370 1124 2426 pudet
1148 2371 1274 2414 edere
1298 2386 1466 2416 nomen.

133 2431 180 2468 et
203 2424 260 2476 si,
284 2424 388 2480 quid
411 2425 602 2482 cupiam,
628 2426 816 2481 quaeris,
843 2426 934 2470 sine
958 2427 1128 2470 nomine
1153 2429 1306 2471 vellem

1 2495 2 2498 ¹
28 2486 31 2489 '
73 2511 76 2517 ·
134 2488 281 2538 posset
304 2482 377 2538 agi
398 2497 649 2535 mea-causa
673 2497 782 2533 meo,
808 2498 888 2526 nec
913 2484 1083 2540 cognita
1107 2485 1259 2540 Byblis

135 2544 234 2583 ante
257 2537 414 2590 forem,
438 2553 568 2594 quam
593 2554 688 2596 spes
713 2547 910 2583 votorum
934 2548 1050 2583 certa
1073 2541 1235 2585 fuisset.

89 2624 91 2626 ·
133 2609 228 2638 esse
252 2595 426 2650 quidem
449 2596 553 2639 laesi
577 2604 741 2652 poterat
766 2597 842 2639 tibi
865 2598 1047 2654 pectoris
1071 2598 1201 2642 index
1545 2613 1611 2646 535

133 2658 179 2695 et
201 2652 318 2695 color
340 2660 384 2695 et
406 2653 563 2696 macies
588 2660 631 2696 et
654 2654 797 2696 vultus
823 2661 864 2696 et
888 2655 1035 2698 umida
1059 2670 1189 2713 saepe

132 2708 316 2760 lumina,
340 2724 421 2753 nec
445 2724 575 2753 causa
598 2710 780 2767 suspiria
802 2718 918 2754 mota
942 2712 1118 2768 patenti,

131 2772 177 2809 et
199 2766 337 2811 crebri
361 2768 601 2825 amplexus,
627 2776 669 2811 et
693 2783 823 2825 quae,
850 2769 886 2811 si
909 2769 1018 2814 forte
1042 2770 1211 2822 notasti,
