1786 3242
366 249 449 291 144
805 254 849 290 Ρ.
874 253 1041 291 OVIDII
1063 252 1279 290 NASONIS

363 338 454 380 visa
477 345 619 379 tamen
643 335 822 378 sensisse
845 333 1020 376 famemi
1045 340 1242 388 retroque
1265 332 1467 377 dracones

365 394 452 450 egit
474 394 519 435 in
542 391 823 435 Haemoniam
847 390 978 433 versis
1002 389 1193 432 sublimis
1216 388 1405 432 habenis.
1627 422 1640 444 κ

272 464 339 496 805
420 449 550 491 Dicta
573 448 728 490 Fames
753 445 939 497 Cereris,
963 446 1154 501 quamvis
1178 445 1388 488 contraria
1409 459 1578 503 semper

363 505 474 548 illius
499 511 562 547 est
586 503 720 560 operi,
744 502 930 559 peragit,
954 516 1113 559 perque
1137 505 1235 544 aera
1258 508 1384 544 vento

364 561 419 603 ad
442 561 598 602 iussam
623 560 762 602 delata
786 559 959 601 domum
982 566 1045 601 est
1069 565 1111 601 et
1133 558 1323 614 protinus
1345 558 1473 600 intrat

366 617 559 672 sacrilegi
583 616 809 665 thalamos,
833 616 1002 670 altoque
1026 629 1176 670 sopore
1200 614 1383 656 solutum
1404 637 1464 645 —

364 673 497 715 noctis
523 679 613 714 erat
635 679 801 727 tempus
825 695 882 702 —
904 670 1083 727 geminis
1107 670 1374 726 amplectitur
1394 669 1525 712 ulnis:

273 744 341 776 810
365 743 495 783 seque
518 729 607 771 viro
630 728 807 784 inspirat
829 727 1058 782 faucesque
1083 733 1123 769 et
1146 733 1293 783 pectus
1318 734 1360 769 et
1382 740 1457 769 ora

365 786 494 828 adflat
518 792 560 827 et
582 785 626 826 in
649 784 794 827 vacuis
818 784 978 840 spargit
1001 783 1157 826 ieiunia
1179 783 1311 825 venis.

365 842 595 895 functaque
619 841 817 883 mandato
842 840 1071 883 fecundum
1096 839 1250 882 deserit
1272 839 1417 882 orbem

364 898 493 952 inque
517 899 663 939 domos
686 897 853 953 inopes,
878 904 1046 939 assueta
1068 896 1290 938 revertitur
1314 903 1444 939 antra„

365 954 470 997 lenis
494 954 633 996 adhuc
657 968 828 995 somnus
852 953 1026 1009 placidis
1051 952 1362 1008 Erysichthona
1384 951 1533 1008 pennis

274 1023 341 1057 815
364 1010 590 1053 mulcebat.
648 1009 754 1066 petit
776 1009 846 1052 ille
870 1010 999 1064 dapes
1023 1009 1103 1051 sub
1126 1008 1311 1064 imagine
1336 1008 1472 1050 somni

366 1081 523 1121 oraque
546 1081 657 1108 vana
679 1073 821 1108 movet
844 1065 1096 1120 dentemque
1118 1065 1163 1106 in
1187 1065 1310 1107 dente
1333 1064 1498 1121 fatigat,

367 1130 619 1177 exercetque
641 1122 736 1164 cibo
760 1122 951 1164 delusum
977 1129 1124 1177 guttur
1146 1121 1262 1163 inani

365 1193 526 1234 proque
551 1178 683 1234 epulis
708 1186 854 1221 tenues
878 1178 1135 1232 nequiquam
1159 1178 1332 1220 devorat
1355 1191 1493 1220 auras.

365 1242 414 1277 ut
436 1249 536 1277 vero
561 1242 624 1276 est
647 1235 823 1290 expulsa
847 1235 984 1289 quies,
1008 1234 1110 1276 furit
1133 1234 1258 1276 ardor
1280 1233 1432 1276 edendi

275 1305 344 1338 820
366 1305 525 1347 perque
550 1290 694 1333 avidas
718 1290 862 1333 fauces
885 1291 1174 1344 immensaque
1198 1290 1359 1332 viscera
1382 1304 1427 1332 re
1489 1295 1544 1332 at.

366 1362 446 1390 nec
468 1361 605 1389 mora:
630 1347 744 1401 quod
767 1354 942 1402 pontus,
966 1347 1081 1401 quod
1105 1354 1234 1397 terra,
1259 1346 1373 1401 quod
1396 1304 1550 1389 efficat
1572 1349 1659 1397 ae'r,

366 1403 519 1469 poscit3
545 1411 587 1445 et
610 1403 810 1459 appositis
834 1403 1023 1457 queritur
1045 1403 1200 1444 ieiunia
1223 1402 1393 1452 mensis,

366 1474 495 1514 inque
519 1459 654 1515 epulis
679 1460 825 1515 epulas
850 1459 1025 1514 quaerit.
1085 1459 1282 1513 quodque
1305 1457 1483 1500 urbibus
1507 1472 1600 1501 esse

368 1516 566 1571 quodque
590 1515 690 1557 satis
714 1516 870 1571 populo
893 1522 1074 1570 poterat,
1098 1529 1182 1565 non
1207 1514 1362 1557 sufficit
1384 1514 1458 1557 uni
1466 1530 1477 1564 3

275 1585 343 1618 825
367 1573 547 1628 plusque
571 1572 706 1628 cupit,
731 1586 815 1626 quo
839 1572 961 1627 plura
985 1586 1104 1613 suam
1129 1571 1309 1613 demittit
1331 1571 1376 1613 in
1399 1571 1554 1613 alvum.

367 1636 498 1683 utque
523 1628 678 1670 fretum
692 1628 848 1684 *recipit
872 1629 923 1670 de
948 1635 1036 1670 tota
1059 1627 1232 1669 flumina
1255 1635 1366 1670 terra

367 1700 446 1727 nec
470 1685 645 1727 satiatur
668 1685 807 1739 aquis,
832 1684 1159 1740 peregrinosque
1183 1683 1313 1726 ebibit
1336 1698 1498 1726 amnesz

367 1748 499 1796 utque
521 1756 654 1797 rapax
676 1741 786 1796 ignis
810 1755 894 1782 non
918 1754 1105 1794 unquam
1130 1739 1328 1783 alimenta
1350 1746 1517 1783 recusat

366 1798 690 1851 innumerasque
713 1797 852 1839 trabes
877 1803 1052 1846 cremat,
1078 1803 1118 1838 et
1142 1810 1227 1851 quo
1251 1796 1372 1852 copia
1394 1796 1529 1838 maior

275 1867 343 1900 830
367 1860 429 1896 est
453 1854 569 1903 data,
592 1854 714 1908 plura
737 1853 859 1908 petit,
883 1853 1089 1907 turbaque
1113 1853 1301 1894 voracior
1322 1853 1416 1908 ipsa
1438 1860 1520 1895 est:

368 1910 427 1952 8ἰο
451 1910 596 1965 epulas
620 1924 765 1951 omnes
788 1909 1107 1964 Erysichthonis
1132 1923 1205 1950 ora
1228 1908 1394 1964 profani

367 1965 596 2021 accipiunt,
619 1972 881 2021 poscuntque
906 1965 1041 2006 simul.
1100 1965 1218 2007 cibus
1242 1965 1376 2007 omnis
1398 1964 1443 2006 in
1465 1965 1536 2007 illo

367 2037 496 2064 causa
519 2021 601 2064 cibi
625 2029 706 2072 est,
731 2036 978 2077 semperque
1001 2022 1117 2063 locus
1140 2021 1188 2062 fit
1209 2021 1344 2063 inanis
1367 2021 1543 2064 edendo.

366 2079 535 2132 iamque
559 2078 671 2120 fame
694 2078 850 2133 patrias
874 2078 1042 2132 altaque
1066 2077 1267 2133 voragine
1291 2078 1447 2120 ventris

276 2148 343 2180 835
369 2141 606 2177 attenuarat
630 2149 748 2190 opes:
774 2134 849 2176 sed
871 2134 1133 2176 inattenuata
1155 2133 1353 2176 manebat

366 2199 458 2233 tum
482 2204 651 2245 quoque
675 2190 766 2232 dira
789 2191 940 2240 fames,
965 2190 1298 2246 implacataeque
1321 2190 1493 2247 vigebat

366 2248 538 2289 flamma
561 2247 700 2302 gulae.
758 2247 930 2289 tandem
954 2247 1134 2288 demisso
1157 2247 1201 2288 in
1225 2247 1385 2289 viscera
1409 2262 1539 2290 censu

366 2304 453 2345 filia
476 2303 680 2354 restabat,
704 2317 790 2345 non
812 2303 884 2345 illo
909 2303 1037 2359 digna
1059 2310 1244 2359 parente.

366 2359 476 2402 hanc
487 2374 655 2414 quoque
669 2360 811 2402 vendit
823 2360 956 2416 inops.
988 2359 1203 2401 dominum
1215 2374 1421 2415 generosa
1431 2366 1610 2411 recusat,
1642 2360 1720 2395 Me·

276 2430 343 2462 840
368 2423 409 2458 et
432 2416 570 2458 vicina
594 2431 691 2458 suas
715 2416 890 2458 tendens
915 2431 1040 2471 super
1064 2430 1248 2470 aequora
1270 2417 1431 2471 palmas
1638 2411 1725 2441 31Υο-

368 2472 517 2528 “eripe
540 2487 608 2514 me
633 2473 821 2523 domino,
846 2473 920 2527 qui
942 2479 1087 2527 raptae
1110 2472 1298 2527 praemia
1320 2473 1442 2515 nobis

366 2529 616 2584 virginitatis
640 2529 803 2571 habes”
829 2529 900 2571 ait.
959 2529 1064 2570 haec
1086 2528 1311 2584 Neptunus
1335 2529 1531 2572 habebat.

367 2585 440 2639 qui
462 2599 586 2640 prece
610 2600 695 2626 non
719 2592 871 2641 spreta,
895 2584 1087 2640 quamvis
1110 2585 1195 2627 iam
1218 2585 1309 2627 visa
1333 2586 1523 2640 sequent-i

366 2650 476 2683 esset
500 2656 590 2692 er0,
614 2641 878 2696 formamque
901 2649 1030 2683 novat
1053 2642 1301 2696 vultumque
1325 2642 1489 2685 virilem

275 2710 340 2743 845
365 2697 499 2738 induit
524 2705 565 2739 et
589 2698 725 2740 cultus
749 2699 885 2754 pisces
910 2698 1171 2753 capientibus
1196 2705 1329 2754 aptos.

364 2753 473 2795 hanc
497 2754 689 2796 dominus
716 2762 910 2810 spectans
936 2758 993 2796 “o
1019 2755 1091 2810 qui
1114 2754 1339 2810 pendentia
1361 2769 1493 2811 parvo

1777 453 1784 489 4
