1786 3242
254 605 323 637 915

254 885 324 918 920

254 1166 322 1198 925

254 1446 324 1479 930

254 1726 322 1758 935

254 2007 323 2039 940

254 2287 321 2318 945

254 2567 322 2599 950

347 274 435 318 234-
790 281 835 318 Ρ.
862 281 1028 319 OVIDII
1050 280 1267 319 NASONIS

349 363 533 407 constitit
555 363 636 406 hic.
696 369 738 406 et
761 370 852 405 tuta
874 363 981 413 loco,
1005 369 1294 406 monstrumne
1318 363 1476 409 deusne

348 421 418 463 ille
442 420 514 470 sit,
538 419 758 475 ignorans,
783 419 1096 484 admiraturque
1120 420 1302 462 colorem

349 476 680 530 caesariemque,
705 489 871 518 umeros
896 474 1168 530 subiectaque
1192 482 1311 542 terga
1333 483 1560 543 tegentem,

347 533 579 598 ultimaque
603 531 785 598 excipiat
808 531 922 586 quod
945 531 1129 574 tortilis'
1117 532 1292 598 mguina
1315 532 1453 589 piscis.

349 589 495 632 sensit:
521 595 563 631 et
584 588 785 637 innitens,
810 601 920 643 quae
943 588 1083 630 stabat
1104 588 1315 644 proxima,
1337 589 1440 633 moli

348 650 453 688 ‘non
477 659 569 718 ego
581 644 820 724 prodigium
844 658 923 687 nec
947 659 1040 686 sum
1065 644 1155 687 fera
1179 645 1323 695 belua,
1346 645 1482 702 virgo,

348 702 423 745 sed
447 700 569 743 deus'
599 700 736 755 inquit
766 705 934 756 ‘aquae
993 715 1071 743 nec
1093 700 1230 743 maius
1254 701 1297 743 in
1321 715 1505 756 aequora
1526 702 1708 749 Proteus

347 758 413 800 ius
438 758 566 800 habet
590 765 631 799 et
654 757 803 799 Triton
826 756 1263 812 Athamantiadesque
1286 757 1532 802 Palaemon.

349 821 445 856 ante
469 823 610 856 tamen
633 814 820 855 mortalis
845 828 978 856 eram:
1004 813 1078 856 sed
1101 837 1158 844 —
1181 813 1339 856 scilicet
1363 814 1457 857 altis

349 871 514 913 debitus
539 870 791 924 aequoribus
814 893 871 900 —
893 877 1057 912 tantum
1081 870 1308 913 exercebar
1329 870 1373 912 in
1396 870 1490 914 illis.

347 942 447 969 nam
471 927 595 968 modo
621 926 829 969 ducebam
853 926 1047 969 ducentia
1070 927 1175 969 retia
1197 927 1346 982 pisces,

347 997 460 1025 nunc
484 983 528 1024 in
551 983 661 1025 mole
686 983 836 1025 sedens
860 982 1110 1024 moderabar
1133 982 1367 1026 harundine
1390 983 1536 1027 linum.

349 1047 449 1082 sunt
471 1039 594 1081 viridi
617 1046 738 1095 prato
764 1038 944 1081 confinia
967 1039 1107 1089 litora,
1132 1053 1312 1094 quorum

349 1096 480 1138 altera
502 1109 600 1151 pars
624 1095 767 1144 undis,
790 1110 888 1150 pars
912 1095 1043 1137 altera
1066 1095 1266 1161 cingitur
1270 1095 1430 1139 herbis·

348 1166 453 1206 quas
477 1165 614 1205 neque
639 1151 882 1206 cornigerae
905 1165 1048 1193 morsu
1071 1151 1266 1194 laesere
1253 1167 1470 1202 iuvencae,

346 1222 426 1250 nec
448 1207 638 1273 placidae
663 1207 875 1262 carpsistis
900 1221 999 1250 oves
1023 1207 1210 1250 hirtaeve
1235 1208 1434 1264 capellae.

347 1278 433 1305 non
457 1263 548 1319 apis
572 1263 670 1305 inde
694 1263 790 1305 tulit
813 1263 1008 1306 collectos
1033 1264 1180 1306 sedula
1203 1264 1340 1314 flores,

346 1334 432 1361 non
455 1319 555 1361 data
578 1326 674 1361 sunt
698 1319 826 1375 capiti
848 1319 1031 1375 genialia
1054 1327 1183 1370 serta,
1207 1335 1344 1375 neque
1356 1335 1572 1387 ‘umquam

345 1375 561 1418 falciferae
585 1390 755 1418 secuere
779 1390 942 1417 manus.
1001 1390 1081 1431 ego
1105 1377 1264 1431 primus
1287 1377 1332 1419 in
1355 1376 1426 1419 illo

349 1432 532 1487 caespite
557 1431 747 1482 consedi,
773 1431 873 1473 dum
897 1432 983 1474 lina
1006 1432 1220 1475 madentia
1244 1432 1368 1475 sicco.

347 1495 479 1543 utque
502 1502 763 1554 recenserem
788 1485 975 1543 captivos
1000 1488 1146 1531 ordine
1169 1489 1319 1544 pisces,

346 1544 519 1600 insuper
543 1544 738 1599 exposui,
763 1558 870 1598 quos
895 1552 968 1586 aut
991 1544 1035 1586 in
1057 1545 1162 1587 retia
1186 1559 1309 1587 casus

348 1607 421 1642 aut
445 1615 522 1642 sua
544 1600 802 1642 credulitas
791 1616 835 1641 ιιι
859 1601 1045 1642 aduncos
1069 1609 1213 1657 egerat
1237 1601 1397 1644 hamos.

347 1671 413 1699 res
438 1656 582 1698 similis
607 1657 742 1699 fictae.
803 1657 877 1698 sed
886 1657 1004 1723 ‘quid
1027 1637 1129 1699 mihi
1153 1658 1312 1713 fingere
1335 1658 1534 1725 prodest?

347 1713 538 1768 gramine
561 1720 754 1755 contacto
779 1713 916 1769 coepit
939 1729 1035 1756 mea
1057 1693 1238 1769 praeda?
1239 1715 1398 1757 moveri

348 1777 389 1811 et
412 1776 574 1811 mutare
598 1769 706 1811 latus
731 1776 945 1823 terraque,
970 1778 1018 1811 ut
1040 1770 1084 1811 in
1108 1784 1308 1825 aequore,
1332 1771 1423 1813 niti.

348 1825 534 1879 dumque
557 1839 698 1866 moror
720 1825 931 1879 mirorque
955 1825 1100 1875 simul,
1129 1826 1239 1881 fugit
1262 1826 1397 1869 omnis
1420 1827 1463 1869 in
1489 1827 1625 1871 undas

348 1881 474 1923 turba
499 1896 614 1930 suas,
640 1881 941 1935 dominumque
963 1896 1122 1923 novum
1144 1882 1329 1937 litusque
1353 1883 1607 1939 relinquunt.

347 1936 530 1992 obstipui
554 1937 785 1991 dubitoque
810 1938 883 1978 diu
908 1952 1163 1992 causamque
1187 1938 1368 1993 requiro,

347 2008 450 2034 num
474 1993 578 2035 deus
603 1993 682 2035 hoc
706 1994 877 2068 aliquis,
901 2009 1005 2036 num
1030 2009 1155 2036 sucus
1179 1994 1328 2037 fecerit
1350 1994 1519 2038 herbae.

347 2053 490 2103 “quae
510 2057 652 2091 tamen
669 2049 779 2091 has”
799 2050 971 2104 inquam
991 2050 1135 2093 “vires
1148 2050 1276 2093 habet
1288 2050 1476 2094 herba?”
1495 2066 1710 2109 manuque

346 2105 505 2160 pabula
529 2105 718 2161 decerpsi
743 2106 1024 2162 decerptaque
1050 2107 1175 2149 dente
1198 2107 1418 2150 momordi.

346 2162 418 2203 vix
441 2161 549 2204 bene
573 2162 861 2204 combiberant
885 2163 1050 2217 ignotos
1075 2170 1248 2219 guttura
1271 2177 1408 2214 sucos.

347 2231 444 2260 cum
468 2218 606 2259 subito
631 2218 839 2284 trepidare
863 2219 976 2261 intus
999 2219 1245 2275 praecordia
1268 2219 1381 2262 sensi

347 2274 601 2328 alteriusque
625 2275 717 2330 rapi
739 2282 914 2317 naturae
938 2284 1086 2331 pectus
1110 2290 1264 2318 amore.

345 2344 424 2372 nec
447 2331 567 2386 potui
590 2338 747 2373 restare
771 2331 843 2373 diu
869 2332 1161 2387 “repetenda'’
1165 2346 1248 2387 que
1272 2336 1538 2387 “numquam

345 2393 475 2436 terra,
500 2386 645 2429 vale!”
671 2387 774 2439 dixi,
800 2402 1036 2453 corpusque
1060 2388 1139 2430 sub
1164 2402 1348 2444 aequora
1370 2389 1508 2432 mersi.

346 2443 389 2484 di
413 2443 539 2485 maris
565 2450 787 2499 exceptum
811 2444 924 2486 socio
949 2444 1176 2500 dignantur
1198 2445 1367 2495 honore,

345 2507 475 2553 utque
499 2499 621 2549 mihi,
646 2514 936 2555 quaecumque
960 2501 1094 2543 feram
1118 2501 1328 2552 mortalia,
1353 2501 1537 2553 demant,

348 2553 570 2598 Oceanum
594 2556 847 2612 Tethynque
870 2564 1034 2612 rogant.
1094 2572 1174 2613 ego
1197 2558 1352 2600 lustror
1375 2558 1428 2600 ab
1451 2558 1532 2601 illis

346 2618 388 2653 et
410 2619 619 2667 purgante
642 2613 762 2654 nefas
786 2613 960 2656 noviens
984 2613 1086 2655 mihi
1110 2613 1294 2656 carmine
1319 2614 1430 2656 dicto

346 2675 517 2722 pectora
540 2668 784 2711 fluminibus
810 2669 959 2712 iubeor
983 2684 1218 2736 supponere
1242 2677 1423 2713 centum.

346 2737 424 2764 nec
447 2738 582 2765 mora·
608 2724 678 2766 dix
669 2726 783 2767 ersis
807 2726 913 2781 lapsi
939 2726 991 2768 de
1016 2726 1205 2782 partibus
1230 2741 1374 2769 amnes

346 2786 516 2834 totaque
541 2788 760 2824 vertuntur
783 2797 911 2837 supra
935 2790 1062 2838 caput
1085 2797 1268 2839 aequora
1290 2790 1493 2827 nostrum.
