1786 3242
363 267 447 310 240
775 277 777 279 ’
808 273 851 308 Ρ.
877 272 1043 310 OVIDII
1064 271 1280 311 NASONIS

360 357 404 398 in
427 370 504 398 sua
526 369 781 404 mersurum3
805 354 1020 408 mentique
1042 353 1278 396 haerebat'
1266 369 1406 411 imago

269 426 335 458 205
360 411 558 468 temporis
581 410 711 460 illius,
737 424 822 464 quo
845 409 933 451 vidi
957 409 1056 452 bina
1078 424 1268 453 meorum

359 475 423 510 ter
445 474 594 522 quater
618 466 751 532 affligi
774 465 984 508 sociorum
1008 479 1184 531 corpora
1207 474 1359 510 tex-:rae

359 538 467 578 quae
492 538 619 579 super
641 522 731 578 ipse
753 521 894 564 iacens
918 521 1067 564 hirsuti
1090 536 1205 565 more
1228 522 1360 566 leonis

358 579 602 645 visceraque
627 586 669 621 et
692 593 838 621 carnes
863 591 1043 632 cumque
1068 578 1173 620 albis
1197 592 1292 621 ossa
1314 578 1510 623 medullis

360 635 708 689 semianimesque
732 642 846 676 artus
871 634 1038 676 avidam
1063 634 1304 677 condebat
1293 650 1338 677 m
1361 635 1518 678 alvum.

268 705 335 737 210
358 707 426 734 me
449 699 604 734 tremor
627 690 798 732 invasitz
824 690 988 733 stabam
1012 690 1101 733 sine
1125 691 1332 747 sanguine
1356 700 1556 743 maestus,

357 747 708 802 mandentemque
733 747 879 789 videns
904 747 1235 802 eiectantemque
1258 755 1453 790 cruentas

358 819 430 846 ore
454 804 584 860 dapes
609 811 651 846 et
674 803 809 845 frusta
831 818 947 845 mero
970 803 1203 858 glomerata
1225 811 1480 855 vomentem,

357 861 458 903 talia
480 860 694 915 fingebam
716 860 869 902 misero
893 859 996 901 mihi
1019 859 1108 901 fata
1130 860 1283 915 parari.

357 931 516 972 perque
540 916 629 959 dies
653 917 805 958 multos
829 916 996 958 latitans
1020 930 1271 970 omnemque
1296 923 1548 959 tremescens

268 986 334 1018 215
360 973 414 1016 ad
438 972 676 1028 strepitum,
701 980 961 1026 mortemque
985 972 1136 1015 timens
1161 972 1424 1028 cupidusque
1448 972 1604 1026 moriri,
1627 986 1631 990 ·

356 1029 527 1094 glande
535 1029 691 1072 famem
715 1029 874 1084 pellens
899 1036 940 1070 et
963 1029 1096 1070 mixta
1119 1028 1340 1071 frondibus
1363 1028 1509 1080 herba,

358 1085 527 1135 solus,'
515 1099 657 1141 mops,
682 1100 851 1140 exspes,
875 1085 958 1127 leto
981 1099 1227 1140 poenaeque
1251 1085 1435 1136 relictus,

357 1141 466 1184 hanc
489 1141 636 1197 procul
660 1141 806 1196 aspexi
828 1141 955 1197 longo
1009 1148 1073 1183 ost
1097 1148 1284 1197 tempore
1308 1156 1474 1192 navem,

358 1197 557 1252 oravique
581 1197 729 1253 fugam
752 1204 876 1252 gestu
900 1197 1159 1252 aditusque
1184 1198 1349 1240 cucurri

268 1267 334 1299 220
358 1261 399 1296 et
422 1254 554 1295 movi:
581 1233 844 1307 Graiumque
868 1253 968 1295 ratis
993 1253 1178 1295 Troiana
1202 1253 1371 1319 recepit.

358 1317 403 1351 tu
428 1323 595 1364 quoque
618 1309 757 1365 pande
781 1317 894 1359 tuos,
920 1309 1121 1351 comitum
1144 1310 1401 1365 gratissime,
1426 1324 1564 1361 casus,

358 1373 398 1408 et
424 1365 541 1407 ducis
566 1372 608 1408 et
631 1365 800 1415 turbae,
825 1379 933 1419 quae
957 1372 1097 1408 tecum
1122 1374 1183 1408 est
1209 1366 1367 1410 credita
1419 1366 1546 1409 onto.‘

413 1422 582 1464 Aeolon
605 1421 675 1463 ille
698 1421 827 1463 refert
850 1421 992 1463 Tusco
1016 1436 1194 1477 regnare
1218 1422 1372 1478 profun
1403 1436 1442 1472 0,
1551 1432 1718 1477 (Aeolus.)

357 1478 524 1520 Aeolon
548 1477 842 1543 {lippotadem
867 1477 1131 1519 cohibentem
1156 1492 1321 1521 carcere
1345 1486 1512 1521 ventos.

267 1548 331 1579 225
356 1548 462 1588 quos
486 1533 605 1576 bovis
629 1534 812 1576 inclusos
836 1541 969 1589 tergo,
994 1534 1265 1577 memorabile
1288 1549 1456 1585 munus,

354 1589 603 1632 Dulichium
627 1589 855 1646 sumpsisse
879 1590 1050 1632 ducem:
1073 1591 1260 1644 flatuque
1284 1590 1468 1634 secundo

354 1646 556 1688 lucibus
544 1661 626 1688 isse
649 1661 804 1689 novem
828 1653 870 1688 et
892 1654 1046 1689 terram
1070 1647 1283 1703 aspexisse
1305 1647 1499 1702 petitam·

355 1703 546 1768 proxima
569 1709 663 1758 post
686 1717 842 1744 nonam
866 1716 963 1744 cum
988 1718 1079 1745 sese
1103 1704 1273 1746 Aurora.
1294 1711 1496 1754 moveret,

355 1758 513 1801 invidia
536 1759 668 1801 socios
692 1759 961 1824 praedaeque
982 1759 1178 1815 cupidine
1202 1759 1347 1810 victos,

265 1827 332 1860 230
356 1830 447 1858 esse
470 1822 583 1857 ratos
608 1829 776 1864 aurum,
802 1814 1031 1870 dempsisse
1054 1815 1256 1870 ligamina
1279 1815 1435 1858 ventis:

355 1885 451 1912 cum
476 1871 664 1925 quibus
652 1886 734 1913 isse
757 1877 882 1921 retro,
906 1886 982 1926 per
1006 1886 1110 1925 quas
1134 1872 1259 1913 modo
1283 1879 1457 1915 venerat
1479 1872 1629 1922 undas,

353 1927 579 1980 Aeoliique
603 1933 736 1969 ratem
760 1934 904 1981 portus
929 1927 1129 1982 repetisse
1154 1928 1333 1982 tyranni.

355 1983 471 2025 ‘inde
495 1983 621 2024 Lami
645 1990 829 2025 veterem
854 1983 1065 2039 Laestryg
1068 1983 1176 2025 onis’
1202 1984 1339 2049 inquit
1360 1984 1423 2026 ‘in
1445 1984 1596 2027 urbem

354 2039 558 2081 venimus.
617 2039 870 2095 Antiphates
895 2047 1007 2082 terra
1030 2017 1269 2095 legnabat
1258 2056 1302 2081 m
1324 2040 1407 2082 illa.

264 2107 329 2138 235
354 2095 506 2137 missus
530 2095 584 2137 ad
607 2094 721 2137 hunc
746 2110 824 2150 ego
849 2111 957 2145 sum,
981 2110 1156 2137 numero
1181 2096 1404 2139 comitante
1429 2096 1622 2148 duorum,

353 2151 509 2217 vixque
533 2151 638 2207 fuga
661 2151 850 2206 quaesita
875 2152 987 2194 salus
1013 2152 1238 2207 comitique
1262 2152 1492 2213 mihique.

352 2207 497 2250 tertius
523 2223 546 2250 e
569 2207 690 2249 nobis
715 2207 1053 2263 Laestrygonis'
1042 2208 1171 2263 1mpia
1195 2209 1317 2250 tinxit

352 2278 426 2306 ora
449 2278 595 2306 cruore
619 2278 707 2306 suo.
766 2263 1027 2319 fugientibus
1050 2264 1177 2307 instat
1200 2273 1241 2307 et
1265 2280 1418 2321 agmen

352 2320 533 2362 concitat
556 2320 826 2375 Antiphates
885 2327 1036 2362 coeunt
1060 2328 1102 2363 et
1126 2336 1228 2363 saxa
1250 2322 1476 2376 trabesque

261 2388 327 2420 240
352 2376 580 2426 coniciunt,
604 2383 885 2432 merguntque
908 2376 1018 2419 viros
1042 2384 1320 2433 merguntque
1345 2378 1520 2421 carinas.

350 2448 436 2474 una
458 2439 618 2482 tamen,
642 2446 751 2486 quae
775 2447 851 2475 nos
875 2433 1097 2488 ipsumque
1121 2433 1302 2476 vehebat
1325 2432 1496 2485 Ulixen,
1552 2433 1666 2477 (02'2‘02
1682 2440 1713 2469 et

351 2488 513 2544 effugit.
573 2490 725 2530 amissa
750 2489 957 2531 sociorum
981 2497 1100 2545 parte
1126 2489 1313 2532 dolentes
1567 2479 1711 2523 aaa)

350 2545 566 2599 multaque
591 2545 809 2599 conquesti
833 2546 953 2587 terris
978 2545 1202 2587 allabimur
1225 2546 1320 2596 illis,

349 2614 454 2654 quas
467 2601 613 2666 procul
626 2601 724 2643 hinc
737 2601 885 2643 cernis.
911 2602 1057 2657 procul
1070 2601 1296 2652 h1nc,m1h1
1310 2602 1636 2653 crede,videnda
1648 2612 1711 2647 est
1774 2645 1777 2648 ,

260 2669 324 2700 245
350 2656 505 2706 insula,
530 2656 621 2699 visa
645 2657 760 2699 mihi.
820 2665 969 2712 tuque,
995 2672 1019 2699 ο
1043 2657 1269 2700 iustissime
1292 2657 1468 2710 Troum,

349 2719 446 2755 nate
471 2713 550 2755 dea
573 2712 730 2768 (neque
756 2713 867 2755 enim
891 2714 1007 2755 finito
1054 2714 1195 2756 Marte
1219 2714 1432 2757 vocandus

348 2767 479 2811 hostis
505 2784 568 2820 es,
594 2770 782 2825 Aenea),
807 2784 971 2820 moneo,
996 2769 1098 2826 fuge
1121 2771 1243 2813 litora
1268 2768 1426 2813 Circes.
