1786 3242
16 1040 40 1108 *⁴⁶5²*ffl
17 970 46 1042 'M
8 1006 25 1011 ἱ
23 916 48 970 ψ”ἱῑ

361 239 855 279 METAMORPHOSEON
876 241 975 278 LIB.
999 242 1069 279 XI.
1095 243 1266 302 52ssl39.

125 335 206 380 per
226 320 293 364 bis
317 320 505 378 quinque
529 321 618 364 dies
643 330 686 365 et
707 322 1044 368 iunctas-ordine
1068 331 1228 368 noctes.

124 385 170 422 et
192 377 279 420 iam
301 377 520 421 stellarum
544 378 726 422 sublime
750 389 947 437 coegerat
971 396 1126 438 agmen

127 433 306 478 Lucifer
327 433 598 485 undecimus,
622 435 772 492 Lydos
796 451 895 479 cum
918 437 1054 480 laetus
1078 439 1123 481 in
1147 454 1271 496 agros

124 506 202 535 rex
226 490 342 534 venit
364 498 405 534 et
429 491 574 535 iuveni
598 491 792 536 Silenum
814 494 954 537 reddit
977 495 1163 538 alumno.

125 547 226 591 huic
249 547 354 591 deus
379 548 553 614 optandi
576 557 766 606 gratum,
791 550 867 593 sed
891 550 1058 602 inutile,
1083 552 1185 595 fecit

126 603 315 648 muneris
337 604 580 655 arbltrium,
603 607 797 662 gaudens
821 607 954 651 altore
977 617 1162 665 recept0.

121 661 214 711 ille,
236 661 348 704 male
371 676 526 704 usurus
550 662 690 713 donis,
715 663 775 706 ait
798 663 959 715 ‘effice,
983 665 1184 721 quioquid

122 731 301 774 corpore
324 718 556 775 contigero,
579 718 747 762 fulvum
770 728 959 763 vertatur
980 721 1025 764 in
1049 723 1228 766 aurum.’

0 789 47 806 ν·
120 773 273 817 adnuit
296 775 450 831 optatis
474 775 751 831 nocituraque
775 792 952 820 munera
976 779 1100 822 solvit

121 829 269 881 Liber,
293 839 336 874 et
358 831 557 883 indoluit,
581 833 697 887 quod
720 848 805 876 non
830 834 1005 876 meliora
1028 835 1215 892 petisset.

118 887 257 931 laetus
281 887 371 930 abit
391 887 637 944 gaudetque
660 889 774 932 malo
797 890 1079 947 Berecyntius
1103 892 1249 936 heros:

118 943 379 1001 pollicitique
402 944 532 989 fidem
554 946 770 1003 tangendo
796 947 964 1004 singula
987 956 1180 1006 temptat.

119 1000 278 1057 vixque
301 1001 383 1044 sibi
406 1002 602 1052 credens,
625 1017 711 1045 non
735 1004 821 1046 alta
843 1005 995 1048 fr0nde
1019 1005 1227 1050 virentem

114 1057 213 1101 ilice
236 1057 418 1101 detraxit
441 1059 628 1116 virgam:
654 1060 776 1117 virga
799 1076 929 1104 aurea
952 1062 1067 1105 facta
1090 1072 1167 1106 est.

117 1114 227 1157 tollit
250 1114 381 1158 humo
406 1130 577 1158 saxum:
603 1132 755 1161 saxum
778 1131 949 1173 quoque
972 1120 1123 1175 palluit
1147 1136 1265 1164 auro.

114 1170 295 1228 contigit
317 1178 361 1215 et
382 1172 600 1229 glaebam:
627 1181 825 1217 contactu
847 1175 1002 1231 glaeba
1026 1178 1190 1233 potenti

112 1242 257 1271 massa
278 1227 340 1270 fit.
399 1230 566 1273 arentes
591 1228 761 1274 Cereris
786 1232 996 1289 decerpsit
1020 1234 1189 1277 aristas:

110 1299 246 1328 aurea
268 1285 417 1328 messis
441 1294 545 1329 erat.
604 1287 826 1344 demptum
849 1297 965 1333 tenet
989 1291 1140 1334 arbore
1163 1306 1360 1348 pomum:

113 1341 377 1399 Hesperidas
401 1343 582 1387 donasse
606 1352 743 1401 putes.
803 1346 839 1388 si
862 1347 1055 1402 postibus
1080 1348 1176 1391 altis

109 1397 302 1442 admovit
326 1398 502 1466 digitos,
528 1409 670 1457 postes
694 1402 860 1446 radiare
884 1403 1094 1447 videntur.

30 1502 32 1505 ¹
109 1454 182 1498 ille
207 1455 335 1498 etiam
350 1456 528 1512 'hquidis
552 1458 716 1514 palmas
740 1459 815 1501 ubi
838 1460 1000 1504 laverat
1023 1462 1163 1514 undis,

109 1511 228 1554 unda.
250 1512 387 1557 fluens
410 1514 562 1570 palmis
587 1514 770 1559 Dana‘e'n
795 1516 966 1560 eludere
990 1527 1146 1574 posset.

109 1568 185 1610 vix
208 1583 306 1625 spes
329 1569 421 1626 ipse
445 1585 544 1614 suas
569 1572 711 1615 animo
736 1574 868 1630 capit,
893 1589 1022 1617 aurea
1045 1575 1213 1632 fingens

105 1625 266 1668 omnia.
324 1627 531 1683 gaudenti
553 1643 722 1671 mensas
746 1645 928 1686 posuere
952 1632 1132 1675 ministri

25 1712 35 1736 ἑ
105 1689 324 1728 extructas
348 1683 531 1740 dapibus
554 1700 634 1728 nec
657 1693 792 1729 tostae
816 1687 952 1744 frugis
977 1698 1164 1744 egentes.

25 1750 34 1763 ³
105 1745 202 1781 tum
225 1754 346 1791 vero,
371 1740 461 1784 sive
483 1741 555 1785 ille
579 1757 658 1784 sua
683 1741 878 1786 Cerealia
902 1745 1052 1788 dextra

107 1810 287 1839 munera
309 1797 564 1864 contigerat,
590 1797 786 1843 Cerealia
809 1801 922 1844 dona
945 1802 1161 1859 rigebant:

103 1852 196 1896 sive
220 1853 351 1910 dapes
375 1854 501 1897 avldo
525 1856 761 1900 convellere
786 1857 911 1901 dente
936 1860 1128 1915 parabat,

102 1908 309 1952 lammina
331 1910 450 1954 fulva
474 1911 624 1969 dapeS,
649 1913 819 1957 admoto
845 1915 989 1966 dente,
1014 1918 1248 1972 premebat.

101 1965 332 2010 miscuerat
354 1968 472 2024 puris
497 1976 712 2013 auctorem
736 1972 923 2015 muneris
947 1973 1091 2016 undis:

101 2021 230 2066 fusile
253 2038 331 2080 per
352 2024 484 2068 rictus
507 2041 659 2069 aurum
683 2027 849 2071 fluitare
874 2029 1053 2073 videres.

101 2079 308 2123 attonitus
331 2082 518 2126 novitate
541 2083 662 2134 mali,
688 2084 892 2141 divesque
916 2087 1142 2142 miserque,

99 2135 295 2193 effugere
319 2146 439 2194 optat
461 2153 584 2196 opes,
608 2148 648 2182 et
673 2155 783 2196 quae
807 2143 933 2185 modo
957 2154 1151 2195 voverat,
1177 2146 1278 2189 odit.

100 2193 227 2260 copia
249 2194 368 2256 nulla
390 2195 548 2239 famem
571 2198 751 2249 relevat,
776 2198 867 2242 sitis
892 2200 1011 2243 arida
1033 2210 1183 2257 guttur

101 2256 207 2301 unt,
231 2258 275 2294 et
297 2251 434 2295 inviso
458 2253 633 2296 meritus
658 2262 879 2310 torquetur
903 2257 958 2299 ab
983 2273 1100 2300 auro.

96 2306 157 2348 ad
180 2307 430 2364 caelumque
454 2325 606 2354 manus
631 2318 674 2354 et
697 2313 919 2368 splendida
943 2314 1142 2358 bracchia
1166 2317 1318 2360 tollens

97 2362 177 2406 ‘da
198 2364 389 2416 veniam,
413 2365 588 2411 Lenaee
612 2368 752 2424 pater!
777 2371 1075 2425 peccavimus,’
1099 2372 1238 2428 inquit

98 2419 196 2462 ‘sed
218 2420 437 2474 miserere,
461 2438 625 2480 precor,
652 2441 670 2467 s
703 2426 928 2481 eciosoque
952 2428 1067 2495 eripe
1091 2429 1275 2473 damno.'

97 2476 199 2520 mite
223 2477 352 2521 deum
374 2495 534 2523 numen
558 2481 674 2525 Bacc
706 2497 756 2525 us
780 2498 980 2539 peccasse
1002 2487 1208 2529 latentem

94 2533 298 2586 restituit3
354 2536 521 2592 actique
545 2538 690 2589 fidem,
715 2539 814 2582 data
838 2556 1034 2593 munera,
1059 2543 1198 2586 solvit.

94 2594 225 2634 ‘neve
247 2550 360 2635 maie
384 2602 527 2650 optato
551 2610 724 2638 maneas
749 2596 1009 2641 circumlitus
1034 2615 1151 2650 auro,

95 2646 224 2690 vade'
249 2648 309 2691 ait
333 2649 408 2692 ‘ad
431 2651 598 2707 magnis
622 2653 808 2696 vicinum
835 2654 1042 2698 Sardibus
1067 2672 1250 2710 amnem,

92 2717 254 2760 perque
277 2705 428 2762 iugum
451 2709 606 2751 montis
628 2709 871 2754 labentibus
895 2712 1047 2755 obvius
1072 2714 1196 2757 undis

90 2773 220 2817 carpe
244 2761 377 2814 viam,
402 2763 538 2808 donec
562 2767 707 2810 venias
732 2767 788 2811 ad
810 2768 994 2812 fluminis
1020 2778 1149 2814 ortus.

1422 235 1505 279 183

1530 570 1595 603 100

1527 854 1591 886 105

1523 1140 1589 1172 110

1519 1425 1584 1457 115

1515 1709 1582 1741 120

1511 1993 1576 2025 125

1507 2278 1574 2311 130

1505 2562 1568 2594 135
