1786 3242
284 531 349 563 190

284 811 348 843 195

283 1092 350 1124 200

284 1374 349 1406 205

283 1656 350 1688 210

283 1938 348 1970 215

283 2220 349 2251 220

282 2503 346 2535 225

284 2782 351 2815 230

374 259 458 304 150
816 267 860 303 P.
886 267 1052 305 0V1D11
1076 266 1293 305 NASONIS

372 357 558 392 vestrum
582 363 688 404 opus
713 348 804 390 Elis
828 348 974 398 habet,
998 355 1185 390 vestrum
1210 347 1524 404 Stymphalides
1548 349 1687 392 undae

371 405 733 459 Partheniumque
756 405 931 446 nemus?
955 414 1095 446 vestra
1117 405 1270 447 virtute
1294 405 1448 447 relatus
1780 419 1786 459 ξ’

372 461 754 504 Thermodontiaco
778 461 963 503 caelatus
988 461 1150 503 balteus
1174 475 1291 510 auro,
1784 477 1785 480 ¹

371 531 582 573 pomaque
606 517 695 558 ab'
684 516 865 558 insomni
888 517 1177 559 concustodita
1201 517 1406 560 dracone?

372 588 451 616 nec
473 573 576 615 mihi
602 571 805 615 Centauri
828 580 1003 629 potuere
1026 573 1236 624 resistere,
1261 588 1338 616 nec
1362 573 1421 616 mi

371 630 583 672 Arcadiae
606 637 792 672 vastator
815 630 941 685 aper?
963 644 1043 672 nec
1064 629 1223 685 profuit
1244 629 1404 685 hydrae

373 701 560 729 crescere
584 701 660 742 per
683 686 884 728 damnum
908 686 1182 741 geminasque
1205 700 1416 729 resumere
1440 687 1575 730 vires?

373 743 494 797 quid,
520 757 616 784 cum
640 742 817 784 Thracis
842 756 973 796 equos
998 742 1181 784 humano
1206 742 1411 808 sanguine
1433 743 1614 800 pingues

372 800 581 855 plenaque
605 799 851 854 corporibus
874 798 1022 841 laceris
1045 798 1290 864 praesaepia
1313 798 1399 841 vidi

372 856 547 910 visaque
571 855 703 897 deieci
727 855 1062 910 dominumque
1050 869 1249 911 ipsosque
1273 855 1457 911 peremi?

373 912 439 954 his
463 912 565 955 elisa
587 912 696 954 iacet
718 913 849 954 moles
873 912 1087 954 Nemeaea
1109 912 1291 954 lacertis.

372 968 452 1010 hac
476 969 638 1010 caelum
663 968 824 1010 cervice
848 969 936 1010 tuli.
996 968 1163 1010 defessa
1185 968 1369 1010 iubendo
1393 975 1457 1011 est

374 1040 499 1067 saeva
522 1025 637 1066 Iovis
661 1025 860 1066 coniunx:
887 1038 967 1080 ego
993 1039 1086 1066 sum
1109 1024 1345 1067 indefessus
1370 1024 1550 1081 agendo.

375 1081 449 1123 sed
472 1095 582 1123 nova
605 1081 734 1136 pestis
759 1081 896 1130 adest,
922 1081 990 1123 cui
1013 1096 1092 1123 nec
1116 1081 1270 1123 virtute
1293 1081 1429 1123 resisti

372 1152 452 1180 nec
475 1137 568 1180 telis
592 1137 802 1191 armisque
825 1144 974 1193 potest.
1033 1137 1305 1193 pulmonibus
1330 1144 1440 1180 errat

372 1193 483 1249 ignis
507 1193 649 1236 edax
638 1193 732 1235 unis
755 1207 914 1249 perque
939 1207 1084 1236 omnes
1108 1194 1294 1259 pascitur
1316 1201 1450 1236 artus·

374 1258 417 1291 at
440 1250 552 1292 valet
575 1249 860 1304 Eurystheus!
897 1256 939 1292 et
963 1258 1078 1300 sunt,
1103 1249 1176 1305 qui
1201 1250 1369 1292 credere
1392 1249 1555 1306 possint

374 1321 466 1348 esse
490 1306 635 1348 deos?'
672 1306 794 1355 dixit,
818 1320 977 1361 perque
1001 1306 1134 1347 altum
1157 1306 1324 1348 saucius
1350 1304 1492 1348 Oeten

373 1362 488 1404 haud
511 1362 630 1404 aliter
652 1362 855 1418 graditur,
880 1376 1007 1416 quam
1032 1362 1067 1403 si
1091 1363 1300 1404 venabula
1321 1370 1467 1404 taurus

375 1433 548 1474 corpore
571 1419 657 1460 fixa
678 1426 813 1474 gerat,
839 1418 1023 1472 factique
1046 1418 1251 1474 refugerit
1274 1426 1432 1461 auctor.

374 1490 498 1530 saepe
521 1475 640 1517 illum
664 1475 847 1530 gemitus
872 1475 1084 1523 edentem,
1110 1489 1234 1530 saepe
1257 1474 1519 1526 frementem,

374 1546 500 1587 saepe
524 1539 846 1587 retemptantem
870 1538 978 1573 totas
1002 1531 1232 1587 refringere
1257 1539 1395 1574 vestes

374 1594 713 1642 sternentemque
737 1588 877 1630 trabes
901 1587 1235 1642 irascentemque
1259 1587 1423 1630 videres

374 1644 587 1686 montibus
612 1652 686 1686 aut
708 1644 843 1700 patrio
867 1644 1110 1687 tendentem
1132 1643 1329 1686 bracchia
1352 1644 1482 1687 caelo.

374 1715 471 1743 ecce
496 1700 662 1742 Lichan
685 1701 914 1755 trepidum,
938 1701 1168 1742 latitantem
1193 1715 1298 1756 rupe
1323 1708 1471 1743 cavata
1571 1710 1736 1755 (Lichas.)

374 1756 534 1813 aspicit.
594 1764 723 1811 utque
748 1757 867 1798 dolor
890 1757 1051 1798 rabiem
1076 1757 1301 1812 collegerat
1324 1771 1505 1807 omnem,

374 1818 514 1863 ‘tune,
539 1813 702 1863 Licha,’
728 1813 835 1854 dixit
858 1813 1024 1855 ‘feralia
1048 1813 1159 1855 dona
1183 1813 1361 1855 dedisti?

372 1877 472 1911 tune
496 1884 615 1911 meae
638 1869 753 1911 necis
778 1875 924 1911 auctor
946 1869 1070 1911 eris?'
1106 1869 1245 1911 tremit
1267 1869 1337 1911 ille
1360 1877 1569 1925 pavetque

373 1926 553 1981 pallidus
579 1933 619 1968 et
643 1925 788 1967 timide
811 1925 941 1967 verba
965 1925 1209 1968 excusantia
1232 1925 1344 1968 dicit.

373 1982 580 2024 dicentem
605 1982 869 2037 genibusque
893 1996 1043 2023 manus
1067 1981 1266 2024 adhibere
1290 1989 1508 2037 parantem

373 2038 543 2093 corripit
566 2038 758 2087 Alcides,
784 2045 826 2079 et
849 2045 995 2092 terque
1019 2045 1251 2092 quaterque
1274 2045 1456 2080 rotatum

372 2094 498 2136 mittit
521 2095 564 2135 in
588 2093 802 2136 Euboicas
826 2101 1032 2136 tormento
1056 2093 1205 2136 fortius
1229 2094 1378 2137 undas.

372 2151 442 2193 ille
465 2166 541 2206 per
564 2151 697 2193 a‘e‘rias
721 2151 909 2206 pendens
933 2150 1121 2192 induruit
1144 2165 1282 2192 auras.

373 2215 502 2260 utque
526 2207 669 2249 ferunt
691 2207 846 2249 imbres
871 2207 1020 2262 gelidis
1045 2221 1313 2249 concrescere
1336 2207 1485 2258 ventis,

371 2264 469 2305 inde
494 2264 610 2305 nives
635 2263 744 2314 fieri,
768 2263 937 2305 nivibus
961 2277 1130 2318 quoque
1154 2263 1263 2306 mole
1287 2263 1431 2305 rotatis

372 2319 548 2375 astringi
573 2327 613 2362 et
639 2320 773 2375 spissa
795 2319 1020 2375 glomerari
1044 2319 1249 2375 grandine
1274 2333 1444 2375 corpus:

373 2377 432 2418 sic
455 2376 574 2418 illum
599 2376 749 2418 validis
773 2383 915 2418 actum
939 2391 1032 2442 per
1037 2377 1161 2418 inane
1184 2376 1350 2418 lacertis

373 2447 707 2488 exanguemque
719 2439 834 2474 metu
859 2447 937 2474 nec
962 2432 1191 2487 quicquam
1214 2431 1372 2474 umoris
1395 2430 1621 2475 habentem

371 2489 415 2530 in
438 2489 596 2545 rigidos
622 2504 790 2531 versum
815 2489 950 2530 silices
974 2488 1088 2543 prior
1112 2488 1240 2530 edidit
1264 2495 1392 2531 aetas.

370 2560 483 2587 nunc
508 2559 677 2600 quoque
701 2545 745 2587 in
769 2545 961 2586 Euboico
986 2545 1185 2600 scopulus
1209 2544 1348 2587 brevis
1372 2543 1524 2587 emicat
1547 2544 1632 2586 alto

369 2601 538 2657 gurgite
563 2610 603 2643 et
627 2601 837 2643 humanae
862 2607 1001 2643 servat
1023 2601 1202 2656 vestigia
1224 2600 1399 2650 formae,

372 2671 518 2711 quem,
544 2657 664 2712 quasi
689 2672 929 2707 sensurum,
953 2666 1107 2699 nautae
1132 2657 1293 2699 calcare
1317 2664 1515 2699 verentur

373 2714 671 2770 appellantque
695 2713 875 2756 Lichan.
934 2720 978 2755 at
1000 2720 1066 2763 tu,
1092 2713 1205 2755 Iovis
1228 2713 1372 2755 inclita
1394 2713 1547 2768 proles,

375 2769 594 2812 arboribus
621 2770 772 2819 caesis,
797 2784 902 2825 quas
926 2769 1057 2811 ardua
1080 2776 1268 2827 gesserat
1292 2767 1416 2820 Oete,
