1786 3242
352 310 440 354 260
651 344 653 346 -
800 317 843 352 P.
870 315 1035 353 OVIDII
1058 313 1275 352 NASONIS

353 401 517 442 robora.
575 398 732 452 fletque
756 397 895 438 Milon
918 396 1070 446 senior,
1096 410 1193 438 cum
1222 401 1382 452 spectat
1405 394 1550 438 inanes

263 470 331 502 230
354 457 465 506 illos,
490 454 564 510 qui
587 454 756 496 fuerant
780 453 1009 495 solidorum
1032 453 1142 495 mole
1165 461 1353 494 tororum

354 510 577 554 Herculeis
603 510 778 558 similes,
802 508 953 551 fluidos
976 508 1160 564 pendere
1188 509 1378 550 lacertos.

353 568 425 610 fiet
448 580 635 622 quoque,
659 573 706 608 ut
727 565 771 608 in
795 565 965 621 speculo
987 580 1115 630 rugas
1140 564 1303 620 aspexit
1326 563 1471 614 aniles,

354 623 565 679 Tyndaris
590 629 631 664 et
655 636 817 671 secum,
843 636 919 663 cur
941 620 996 663 sit
1017 621 1083 663 bls
1107 630 1248 676 rapta,
1272 619 1458 675 requirit.

354 688 520 735 tempus
544 678 653 721 edax
675 693 835 727 rerum,
859 684 1010 732 tuque,
1035 677 1242 718 invidiosa
1263 683 1465 726 vetustas,

265 750 330 781 235
355 736 496 779 omnia
519 734 745 784 destruitis,
769 733 998 788 vitiataque
1023 733 1218 775 dentibus
1242 733 1336 775 aevi

355 791 558 848 paulatim
581 791 694 834 lenta
718 790 961 832 consumitis
986 789 1126 832 omnia
1150 795 1295 831 morte.

412 849 534 891 Haec
546 861 715 902 quoque
735 860 821 888 non
838 853 1039 902 perstant,
1059 860 1168 900 quae
1186 859 1263 887 nos
1276 844 1484 887 elementa
1495 857 1715 894 vocamus3

356 918 545 960 quasque
569 903 682 946 vices
711 909 933 958 peragant,
957 925 1015 932 -——
1038 901 1198 944 animos
1223 900 1436 944 adhibete!
1459 924 1518 932 —
1540 899 1716 944 docebo.
1737 936 1741 941 .

356 968 555 1016 quattuor
579 967 773 1002 aeternus
797 958 997 1014 genitalia
1021 972 1196 1014 corpora
1218 957 1400 999 mundus

266 1030 332 1061 240
356 1017 553 1060 continet.
612 1030 666 1058 ex
687 1015 768 1057 illis
792 1015 876 1057 duo
901 1022 999 1057 sunt
1022 1028 1198 1057 onerosa
1222 1028 1382 1068 suoque

356 1073 541 1129 pondere
564 1072 607 1114 in
630 1071 824 1122 inferius,
848 1071 971 1113 tellus
995 1078 1122 1125 atque
1145 1070 1277 1120 unda,
1301 1071 1511 1112 ferunturz

357 1137 399 1172 et
422 1129 597 1171 totidem
620 1128 827 1184 gravitate
852 1134 995 1169 carent
1017 1127 1218 1181 nulloque
1241 1133 1455 1182 premente

358 1186 442 1227 alta
466 1191 632 1240 petunt,
658 1188 729 1226 ae‘r
752 1191 879 1238 atque
903 1187 998 1226 ae're
1022 1183 1166 1239 purior
1188 1183 1311 1239 ignis.

358 1256 467 1296 quae
491 1253 749 1294 quamquam
772 1240 907 1295 spatio
932 1239 1103 1289 distent,
1129 1246 1270 1281 tamen
1293 1238 1434 1281 omnia
1456 1237 1564 1280 fiunt
1589 1280 1595 1285 ,

268 1311 333 1343 245
358 1313 412 1340 ex
434 1297 536 1352 ipsis
561 1304 603 1338 et
625 1296 670 1338 in
692 1296 785 1351 ipsa
808 1296 981 1338 cadunt:
1006 1296 1271 1350 resolutaque
1294 1295 1420 1338 tellus

357 1353 401 1395 in
424 1352 608 1407 liquidas
632 1351 804 1394 rarescit
828 1366 979 1406 aquas,
1003 1359 1199 1394 tenuatus
1222 1351 1267 1393 in
1290 1366 1413 1393 auras

358 1414 539 1464 ae'raque
564 1423 687 1450 umor
709 1408 796 1450 abit
804 1423 816 1458 3
842 1408 1011 1463 dempto
1035 1422 1203 1463 quoque
1226 1407 1411 1463 pondere
1435 1420 1579 1449 rursus

358 1466 403 1507 in
426 1479 599 1521 superos
625 1468 697 1507 ae'r
720 1463 988 1506 tenuissimus
1013 1463 1166 1506 emicat
1186 1463 1320 1519 ignes.

359 1522 457 1564 inde
480 1529 590 1564 retro
614 1521 810 1570 redeunt,
834 1520 1030 1574 idemque
1053 1520 1257 1562 retexitur
1279 1519 1395 1562 ordo.

269 1592 335 1623 250
358 1578 467 1633 ignis
492 1578 604 1620 enim
629 1577 806 1619 densum
830 1576 1032 1632 spissatus
1055 1576 1100 1618 in
1123 1580 1220 1618 aera
1243 1576 1404 1626 transit,

358 1635 427 1677 hic
449 1634 494 1676 in
518 1647 668 1688 aquas,
693 1633 816 1676 tellus
839 1633 1073 1688 glomerata
1097 1632 1261 1688 cogitur
1283 1631 1411 1674 unda.

359 1705 439 1734 nec
463 1690 623 1756 species
649 1705 725 1732 sua
749 1689 900 1743 cuique
924 1696 1065 1731 manet
1073 1705 1085 1739 3
1109 1702 1335 1744 rerumque
1359 1687 1552 1731 novatrix

361 1763 414 1790 ex
438 1747 529 1789 abis
554 1747 656 1788 alias
680 1746 818 1787 reddit
840 1753 990 1787 natura
1013 1745 1184 1800 figuras.

360 1818 438 1846 nec
461 1803 570 1859 perit
593 1803 637 1844 in
660 1809 747 1844 toto
771 1801 1016 1856 quicquam,
1041 1801 1144 1843 mihi
1168 1801 1343 1851 credite,
1367 1800 1540 1850 mundo,

271 1872 336 1904 255
362 1860 436 1902 sed
461 1859 595 1901 variat
618 1858 853 1912 faciemque
877 1865 1018 1899 novat.
1076 1857 1276 1911 nascique
1299 1864 1474 1899 vocatur

360 1916 544 1970 incipere
569 1930 660 1957 esse
684 1914 819 1964 aliud,
843 1927 971 1968 quam
995 1914 1109 1968 quod
1132 1913 1213 1955 fuit
1236 1919 1351 1955 ante:
1375 1913 1580 1967 morique,

361 1972 550 2014 desinere
573 1971 678 2012 illud
700 1970 826 2012 idem.
886 1985 983 2012 cum
1007 1969 1089 2012 sint
1111 1969 1194 2011 huc
1218 1968 1394 2011 forsitan
1416 1968 1501 2018 illa,

361 2028 465 2070 haec
490 2027 691 2069 translata
714 2026 832 2076 illuc,
859 2041 1024 2068 summa
1047 2033 1188 2068 tamen
1212 2025 1353 2067 omnia
1376 2032 1579 2067 constant.

361 2084 420 2126 nil
444 2083 640 2137 equidem
664 2083 814 2124 durare
839 2083 912 2124 diu
936 2082 1015 2124 sub
1038 2082 1221 2137 imagine
1245 2081 1394 2124 eadem

271 2153 338 2184 260
362 2140 623 2182 crediderim.
681 2139 742 2180 sic
766 2139 820 2180 ad
843 2138 1002 2181 ferrum
1026 2138 1197 2180 venistis
1221 2137 1276 2179 ab
1301 2151 1416 2187 auro,

362 2196 548 2245 saecula3
573 2195 633 2237 sic
657 2195 808 2237 totiens
833 2209 955 2237 versa
979 2201 1040 2236 est
1064 2194 1233 2236 fortuna
1255 2194 1454 2235 locorum.

361 2252 449 2294 vidi
472 2267 566 2308 eg0‚
591 2252 705 2305 quod
729 2251 867 2292 fuerat
891 2250 1104 2305 quondam
1130 2249 1380 2292 solidissima
1403 2249 1540 2298 tellus,

363 2323 454 2351 esse
478 2308 647 2350 fretum.
705 2307 792 2349 vidi
815 2307 949 2349 factas
974 2322 1027 2349 ex
1052 2320 1235 2361 aequore
1259 2313 1389 2348 terras
1398 2322 1410 2356 3

362 2373 403 2407 et
427 2364 572 2420 procul
597 2379 622 2405 a
645 2363 796 2419 pelag-0
821 2363 1005 2405 conchae
1028 2363 1194 2404 iacuere
1218 2362 1417 2412 marinae,

273 2433 337 2465 265
363 2430 404 2463 et
428 2428 548 2462 vetus
572 2421 744 2462 inventa
768 2427 830 2461 est
853 2419 896 2460 in
920 2419 1133 2460 montibus
1158 2433 1312 2460 ancora
1336 2417 1529 2460 summis:

362 2477 559 2531 quodque
584 2476 665 2518 fuit
688 2490 881 2531 campus,
907 2475 1060 2517 vallem
1084 2475 1283 2517 decursus
1308 2489 1514 2530 aquarum

363 2533 481 2575 fecit:
507 2539 549 2575 et
573 2532 709 2575 eluvie
733 2546 853 2573 mons
878 2540 940 2574 est
964 2531 1168 2573 deductus
1192 2531 1236 2572 in
1259 2545 1433 2585 aequor:

364 2604 471 2644 eque
496 2589 701 2644 paludosa
725 2588 844 2630 siccis
869 2587 1022 2629 humus
1047 2594 1136 2629 aret
1158 2587 1343 2629 harenis:
1382 2592 1384 2595 ’

364 2659 556 2700 quaeque
582 2645 690 2686 sitim
715 2645 915 2694 tulerant,
941 2650 1134 2699 stagnata
1157 2642 1382 2699 paludibus
1406 2649 1565 2686 ument-

276 2715 341 2745 270
365 2701 433 2743 hic
458 2701 596 2743 fontes
619 2708 770 2742 natura
794 2715 925 2742 novos
949 2699 1104 2750 emisit,
1130 2707 1172 2741 at
1194 2699 1279 2741 illio

365 2756 533 2806 clausit3
560 2764 600 2799 et
623 2764 697 2799 aut
718 2756 794 2798 imi
817 2763 1025 2799 commota
1048 2755 1297 2798 tremoribus
1322 2755 1434 2798 orbis

366 2813 540 2855 flumina
563 2812 784 2868 prosiliunt
809 2820 882 2856 aut
906 2820 1129 2856 excaecata
1151 2811 1352 2855 residunt.
