1786 3242
346 240 842 279 METAMORPHOSEON
864 241 962 277 LIB.
988 241 1056 278 IX.
1083 242 1275 280 275—362.
1418 231 1500 276 153

82 328 95 378 J*
123 322 263 368 arcuit
283 322 414 380 inque
435 324 568 380 pedes
591 324 772 366 mutavit
795 323 994 367 bracchia
1017 324 1189 381 primos.

70 383 89 430 f
123 380 350 425 strenuitas
374 381 549 436 antiqua
571 388 735 431 manet3
760 395 839 424 nec
863 388 984 437 terga
1007 381 1191 424 colorem
1526 396 1594 428 320

69 462 89 488 ,·
123 436 304 483 misere
327 452 472 480 suum:
497 437 636 480 forma
659 445 722 480 est
745 437 912 480 diversa
934 437 1076 494 priori.

70 510 72 515 ⁸
124 508 236 551 quae
258 493 360 550 quia
382 494 578 537 mendaci
601 494 836 551 parientem
859 495 1025 538 iuverat
1048 509 1135 547 ore,

71 569 85 610 ,ᾗ
124 564 198 595 ore
219 551 350 618 parit3
372 558 624 606 nostrasque
649 551 818 602 domos,
841 559 890 593 ut
914 559 956 594 et
980 559 1097 603 ante,
1121 552 1391 607 frequentat-⁹

180 606 306 650 D1xit
329 614 372 651 et
395 607 614 650 admonitu
637 608 792 651 veteris
817 616 1029 651 commota
1052 608 1269 653 ministrae
1438 620 1591 666 Dryope.

73 704 75 706 ,
122 663 344 722 ingemuit.
386 678 516 720 quam
540 664 602 707 sic
623 679 757 707 nurus
782 671 845 707 est
869 664 1015 707 adfata
1038 665 1270 708 dolentem:
1527 681 1595 713 325

18 774 20 776 q
69 747 79 770 3
123 725 187 765 ‘te
209 728 366 772 tamen,
391 735 417 764 o
472 721 654 772 enetrix‚
679 721 842 764 alienae
867 736 894 764 a
918 722 1126 778 sanguine
1149 730 1294 766 nostro

67 779 83 807 ’Ψ
121 784 246 836 rapta
265 784 411 821 movet
452 777 577 820 acies.
637 777 741 833 quid
765 777 801 820 si
825 778 901 820 tibi
925 778 1033 821 mira
1057 779 1211 821 sororis

56 846 63 889 ρ’
121 833 213 879 fata
233 849 355 878 meae
377 834 586 878 referam?
619 848 878 890 quamquam
902 835 1184 891 lacrimaeque
1209 835 1413 894 dolorque

62 891 70 943 J
120 891 359 950 impediunt
380 891 690 948 prohibentque
712 891 842 946 loqui.
902 891 983 934 fuit
1006 892 1132 935 unica
1155 893 1280 935 matri

66 970 70 971 ’
142 962 212 992 me
234 955 356 1006 pater
378 963 433 992 ex
456 948 539 991 alia
561 948 730 1005 genuit)
754 948 974 991 notissima
996 948 1135 991 forma
1528 967 1598 1000 330

169 1005 409 1049 echalidum
432 1005 624 1062 Dryope.
685 1020 813 1060 quam
837 1005 1079 1062 virginitate
1104 1014 1318 1050 carentem

17 1093 21 1098 Δ
118 1062 295 1119 vimque
319 1061 388 1106 dei
410 1077 580 1119 passam
603 1061 798 1118 Delphos
822 1061 1067 1117 Delumque
1091 1064 1272 1107 tenentis

12 1131 14 1134 ⁴
43 1125 63 1162 ’ἴ
121 1118 215 1163 exci
246 1119 280 1162 it
301 1118 594 1169 Andraemon,
620 1126 663 1162 et
685 1119 867 1162 habetur
891 1120 1073 1176 coniuge
1097 1119 1213 1163 felix.

43 1186 49 1193 '
74 1181 79 1186 '
122 1183 187 1221 est
225 1191 347 1227 acus,
371 1176 543 1219 acclivis
568 1176 732 1219 devexo
756 1176 949 1232 margine
972 1176 1156 1219 formam

48 1258 53 1271 ε
120 1232 254 1277 litoris
277 1233 487 1277 efficiens:
512 1248 727 1276 summum
751 1241 934 1290 myrteta
958 1241 1175 1276 coronant.
1526 1251 1595 1283 335

8 1311 12 1316 ·
50 1335 52 1337 .
120 1298 297 1334 venerat
319 1289 404 1333 huc
426 1289 606 1347 Dryope
630 1290 816 1333 fatorum
839 1290 1001 1341 nescia,
1026 1305 1196 1346 quoque

35 1351 47 1359 ”
110 1346 342 1404 *indignere
365 1347 522 1404 magis,
546 1348 747 1404 nymphis
771 1347 910 1390 latura
933 1362 1131 1390 coronas:

16 1414 50 1443 s
118 1403 166 1448 in
194 1418 251 1455 ue
274 1403 371 1448 sinu
393 1419 593 1462 puerum,
619 1404 690 1460 qui
716 1404 907 1447 nondum
929 1404 1178 1461 impleverat
1202 1420 1373 1458 annum,

19 1463 32 1480 ”
120 1417 246 1505 (11306
269 1460 436 1504 ferebat
458 1475 566 1504 onus
589 1461 808 1518 tepidique
832 1476 913 1518 ope
936 1461 1058 1504 lactis
1083 1462 1236 1505 alebat.

10 1568 22 1572 ¹
118 1517 237 1562 haud
259 1518 409 1575 procul
432 1533 459 1561 a
482 1526 634 1575 stagno
659 1518 812 1574 Tyrios
835 1518 1000 1561 imitata
1024 1519 1185 1562 colores
1527 1536 1597 1568 340

17 1626 20 1633 ι
69 1582 73 1587 “
117 1575 165 1618 in
188 1589 310 1632 spem
331 1575 534 1618 bacarum
558 1575 736 1618 florebat
760 1575 956 1630 aquatica
978 1575 1102 1618 lotos.

2 1642 9 1654 ‘
121 1639 339 1689 carpserat
361 1631 460 1675 hinc
483 1631 681 1689 Dryope,
708 1646 816 1687 quos
842 1632 1124 1675 oblectamina
1147 1640 1247 1676 nato

4 1740 6 1742 ³
42 1724 45 1726 .
177 1688 375 1746 rrigeret,
399 1689 538 1731 flores.
597 1697 639 1732 et
663 1689 776 1732 idem
801 1688 968 1732 factura
990 1689 1168 1732 videbar

38 1752 69 1795 J
138 1751 326 1802 'namque
349 1745 562 1801 aderam):
587 1746 674 1788 vidi
699 1752 843 1802 guttas
868 1761 891 1789 e
915 1746 1018 1789 flore
1044 1755 1240 1790 cruentas

14 1809 40 1854 ἲ,
119 1802 336 1854 decidere,
361 1810 402 1846 et
426 1803 608 1846 tremulo
631 1817 772 1845 ramos
796 1802 969 1846 horrore
994 1804 1167 1846 moveri.
1527 1820 1596 1852 345

0 1872 11 1895 ’ν
42 1913 47 1916 ὑ
119 1859 300 1911 scilicet,
323 1866 372 1902 ut
394 1859 585 1903 referunt
609 1860 719 1902 tardi
742 1874 858 1902 nunc
881 1860 1065 1915 denique
1090 1868 1293 1916 agrestes,

119 1915 244 1961 Lotis
267 1916 314 1959 in
335 1916 447 1960 hanc
469 1916 678 1974 nymphe,
703 1916 874 1974 fug-iens
900 1917 1085 1960 obscena
1107 1917 1269 1974 Priapi,

11 1991 13 1994 ¹
34 1975 43 2003 ἵ
88 2007 90 2010 -
119 1974 357 2017 contulerat
379 1988 545 2025 versos,
571 1980 738 2017 servato
763 1974 953 2023 nomine,
979 1974 1136 2017 vultus.

118 2030 328 2075 nescierat
351 2045 470 2074 soror
491 2031 572 2074 hoc
579 2047 591 2082 3
616 2045 726 2087 quae
751 2045 850 2073 cum
873 2031 1097 2087 perterrita
1119 2038 1231 2074 retro

30 2094 42 2104 ⁹
118 2087 185 2132 ire
205 2095 249 2132 et
272 2087 456 2131 adoratis
480 2088 609 2131 vellet
633 2088 849 2131 discedere
873 2088 1087 2144 nymphis,
1526 2104 1596 2136 350

118 2143 347 2188 haeserunt
368 2144 512 2188 radice
535 2145 680 2202 pedes.
742 2145 980 2188 convellere
1004 2152 1189 2202 pugnat:

117 2215 199 2246 nec
222 2201 470 2258 quicquam,
493 2202 577 2245 nisi
600 2217 766 2245 summa
789 2209 952 2245 movet:
978 2202 1210 2245 subcrescit
1234 2203 1288 2245 ab
1312 2203 1398 2246 imo

117 2266 292 2326 totaque
315 2259 521 2316 paulatim
544 2259 684 2302 lentus
707 2259 862 2316 premit
885 2258 1062 2315 inguina
1086 2267 1244 2302 cortex.

116 2323 168 2359 ut
190 2316 315 2368 v1dit,
339 2323 492 2359 conata
513 2331 645 2358 manu
668 2316 828 2359 laniare
853 2316 1041 2372 capillos,

117 2372 271 2426 fronde
294 2388 471 2416 manum
493 2373 704 2430 implevit3
728 2373 901 2415 frondes
925 2380 1052 2428 caput
1076 2386 1200 2416 omne
1225 2373 1440 2416 tenebant.
1525 2388 1595 2421 355

119 2437 164 2472 at
217 2444 295 2473 uer
317 2428 784 2487 Amphissus(namque
808 2429 890 2472 hoc
914 2444 1020 2472 avus
1044 2428 1236 2486 Eurytus
1260 2429 1321 2472 illi

118 2444 341 2530 addiderat
363 2490 540 2542 nomen)
562 2494 754 2530 materna
776 2486 988 2543 rigescere
1012 2486 1139 2529 sentit

19 2575 24 2595 r
117 2543 272 2594 ubera,
296 2557 378 2586 nec
402 2544 593 2599 sequitur
617 2543 843 2586 ducentem
866 2543 1027 2586 lacteus
1051 2557 1188 2586 umor.

80 2614 83 2615 ⁷
118 2599 348 2657 spectatrix
370 2600 544 2643 aderam
567 2600 644 2642 fati
669 2600 851 2643 crudelis
875 2614 1085 2656 opemque

30 2670 34 2677 '
117 2671 204 2700 non
227 2664 420 2714 poteram
445 2656 522 2700 tibi
546 2656 676 2707 ferre,
702 2671 838 2707 soror3
864 2664 1157 2713 quantumque
1181 2657 1391 2710 valebam,
1523 2671 1595 2704 360

117 2721 378 2758 crescentem
401 2722 598 2757 truncum
622 2727 848 2769 ramosque
874 2714 1070 2771 amplexa
1094 2714 1310 2757 morabar:

116 2777 180 2822 et,
202 2771 353 2822 fateor,
377 2771 493 2814 volui
519 2771 599 2814 sub
625 2771 774 2814 eodem
800 2770 953 2815 cortice
978 2770 1116 2814 condi.
