1786 3242
279 302 775 344 METAMORPHOSEON
797 303 896 340 LIB.
920 303 1030 340 XIII.
1054 304 1248 341 559—646.
1372 293 1457 336 227

62 380 66 388 ’
105 401 127 419 ¹=
194 384 342 430 favilla
365 385 481 429 volat
502 385 824 443 glomerataque
849 398 1002 443 corpus
1025 385 1070 428 in
1094 399 1229 428 unum

135 473 150 477 -·
241 460 247 476 ι
302 441 543 498 faciemque
566 443 699 500 capit,
723 442 936 498 sumitque
960 442 1144 486 calorem

59 511 111 561 ᾗ
137 513 210 544 we
232 498 419 543 animam
442 513 497 542 ex
518 498 622 556 igni.
680 499 832 543 levitas
855 514 933 542 sua
956 498 1151 556 praebuit
1175 499 1278 542 alas.
1483 511 1550 544 605

60 559 125 608 ,μ
144 554 283 615 primo
307 554 456 599 similis
479 556 662 608 volucri,
684 570 786 599 mox
809 571 912 599 vera
934 556 1119 599 volucris

58 622 112 667 T'„
143 614 163 649 ἰ
185 611 268 656 uit
288 612 459 671 pennis:
482 612 641 670 pariter
664 627 845 656 sonuere
869 626 1034 656 sorores

51 666 346 722 :humei-ae,
370 668 528 726 quibus
551 677 617 714 est
639 669 790 713 eadem
813 669 966 712 natalis
990 669 1124 736 origo.

50 732 228 783 ¹,tei-que
250 739 404 783 rogum
425 725 626 776 lustrant,
650 733 694 769 et
716 739 928 768 consonus
952 725 1040 769 exit
1062 741 1106 768 in
1130 739 1256 768 auras

63 787 145 839 [ter
165 782 359 840 clangor3
384 790 535 838 quarto
556 782 767 826 seducunt
789 790 928 825 castra
950 782 1115 825 volatu:
1482 795 1551 827 610

65 845 171 887 tum
193 838 280 882 duo
303 838 472 883 diversa
493 838 641 896 populi
665 838 719 882 de
741 846 862 895 parte
886 839 1050 882 feroces
1164 836 1169 842 ’

61 894 191 941 &una
212 903 390 954 gerunt,
412 895 646 952 rostrisque
669 903 712 939 et
734 894 912 938 aduncis
935 895 1153 952 unguibus
1176 895 1261 937 iras

63 959 294 1011 tenacem,
317 952 359 996 al
438 967 492 996 ue
514 952 779 1008 adversaque
801 960 976 1009 pectora
997 953 1177 995 lassant:

2 1004 19 1033 ³
61 1008 340 1066 inferiaeque
363 1023 414 1053 ca
445 1016 522 1052 unt
546 1009 676 1053 cineri
699 1016 883 1067 cognata
905 1009 1071 1065 sepulto

59 1077 276 1124 corpora,
299 1080 431 1123 seque
454 1066 546 1110 viro
569 1066 669 1110 forti
692 1066 923 1111 meminere
947 1074 1122 1110 creatas.
1484 1079 1551 1111 615

71 1139 73 1141 ·
156 1122 349 1181 epetibus
373 1123 524 1166 subitis
547 1138 703 1167 nomen
726 1123 830 1167 facit
853 1130 1013 1166 auctor.
1072 1123 1128 1165 ab
1151 1122 1224 1165 illo

47 1136 378 1238 pffimnonides
402 1180 560 1232 dictae,
585 1195 683 1224 cum
709 1180 772 1224 sol
796 1180 995 1224 duodena
1018 1179 1184 1237 peregit

54 1235 221 1295 ¹ligna,
244 1237 454 1305 parentali
474 1237 705 1281 moriturae
729 1237 873 1281 Marte
897 1237 1116 1281 rebellant.

59 1306 182 1355 ergo
205 1294 299 1338 aliis
321 1294 500 1338 latrasse
522 1294 790 1352 Dymantida
811 1294 953 1338 flebile
976 1294 1117 1337 visum
1141 1299 1225 1338 est:

74 1349 262 1411 luctibus
284 1358 350 1394 est
370 1351 544 1395 Aurora
567 1352 655 1394 suis
678 1351 854 1402 intenta,
878 1351 1057 1408 piasque
1484 1363 1552 1396 620

59 1426 125 1444 ιι
149 1421 192 1452 ιο
213 1421 386 1464 quoque
409 1408 484 1452 dat
505 1408 702 1451 lacrimas
726 1415 767 1452 et
790 1415 879 1451 toto
903 1416 1019 1451 rorat
1040 1408 1085 1451 in
1109 1408 1225 1450 orbe.

133 1463 234 1508 Non
255 1471 400 1508 tamen
423 1480 616 1510 eversam
640 1465 796 1509 Troiae
819 1479 918 1508 cum
942 1465 1166 1508 moenibus
1191 1479 1283 1508 esse
1400 1474 1549 1510 Aeneas.

219 1535 392 1578 quoque
415 1522 506 1566 fata
530 1522 686 1565 sinunt.
746 1537 867 1565 sacra
891 1530 947 1574 et,
971 1536 1093 1565 sacra
1117 1523 1263 1573 altera,
1286 1526 1453 1578 patrem

74 1603 75 1606 ι
94 1584 160 1622 ert
181 1578 360 1630 umeris,
384 1579 628 1623 venerabile
652 1594 779 1631 onus,
805 1578 1062 1635 Cythereius
1085 1579 1225 1622 heros.

56 1634 131 1679 de
154 1635 282 1679 tantis
306 1635 460 1692 opibus
482 1636 686 1693 praedam
708 1636 806 1693 pius
831 1635 950 1692 eligit
971 1636 1089 1679 illam
1483 1648 1550 1681 625

58 1690 398 1748 Ascaniumque
422 1707 569 1744 suum,
591 1693 862 1750 profugaque
885 1708 962 1750 per
986 1707 1173 1748 aequora
1196 1692 1331 1737 classe

94 1757 212 1794 ertur
235 1749 291 1792 ab
313 1749 562 1802 Antandro,
585 1750 877 1805 scelerataque
901 1749 1048 1793 limina
1071 1749 1291 1794 Thracum

58 1812 121 1862 fet
140 1805 384 1863 Polydoreo
407 1813 653 1850 manantem
677 1807 886 1863 sanguine
910 1814 1066 1850 terram

6 1897 7 1916 3
64 1886 94 1913 2
118 1862 247 1919 quit,
271 1869 315 1906 et
338 1863 514 1906 utilibus
538 1863 676 1907 ventis
702 1872 908 1919 aestuque
933 1863 1122 1907 secundo

7 1966 21 1973 ¹
66 1940 108 1969 vy
132 1940 141 1954 ι
170 1940 174 1945 ·
225 1919 520 1976 Apollineam,
545 1920 670 1963 sociis
696 1920 1011 1973 comitantibus,
1036 1921 1201 1964 urbem.
1312 1969 1316 1971 Δ
1483 1934 1552 1966 630

64 1987 190 2031 ¹ymno
211 1976 374 2028 Anius,
398 1991 484 2033 quo
507 1992 610 2035 rege
634 1977 849 2029 homines,
874 1977 1059 2022 antistite
1083 1977 1287 2023 Phoebus
1398 1987 1553 2033 (Anius.)

58 2030 155 2090 fite
177 2032 440 2086 colebantur,
462 2041 549 2077 tem
579 2035 707 2090 loque
731 2035 943 2091 domoque
967 2036 1140 2092 recepit,

55 2088 311 2146 urbemque
335 2090 520 2134 ostendit
574 2091 808 2147 elubraque
832 2100 934 2135 nota
957 2093 1150 2148 duasque

55 2145 247 2202 *Latona
269 2147 487 2203 quondam
510 2148 663 2205 stirpes
685 2149 877 2205 pariente
902 2156 1101 2192 retentas.

58 2209 171 2248 ⁴‘ture
193 2203 293 2248 dato
316 2204 500 2248 flammis
523 2205 709 2261 vinoque
732 2205 778 2248 in
801 2212 898 2249 tura
922 2206 1098 2262 profuso
1483 2218 1550 2250 635

28 2267 35 2313 j
54 2273 381 2317 :caesarumque
403 2261 538 2305 boum
559 2262 677 2305 fibris
702 2261 755 2306 de
778 2277 898 2306 more
922 2263 1134 2314 crematis,

108 2317 180 2370 '2⁶³
215 2325 328 2362 tecta
351 2325 522 2376 petunt,
546 2319 758 2376 positique
782 2319 996 2376 tapetibus
1021 2319 1116 2363 altis

25 2395 39 2403 .
62 2387 252 2422 ,αιιοη
275 2375 558 2431 cumliquido
584 2377 756 2433 capiunt
781 2374 977 2420 Cerealia
1000 2375 1188 2420 Baccho.

59 2447 111 2467 -·ιι
135 2445 178 2476 ιο
199 2432 296 2490 pius
320 2432 553 2477 Anchises:
579 2438 624 2475 ‘o
647 2433 817 2476 Phoebi
839 2434 948 2477 lecte
973 2434 1184 2485 sacerdos,

26 2533 30 2536 .
56 2492 78 2529 ⁵³.
104 2510 106 2513 ·
131 2493 199 2532 lor
221 2503 277 2533 an
301 2496 344 2533 et
367 2498 534 2541 natum,
561 2505 659 2534 cum
683 2490 868 2547 primum
893 2490 999 2533 haec
1022 2490 1191 2533 moenia
1215 2490 1317 2542 vidi,
1483 2504 1551 2537 640

35 2544 38 2549 ’
68 2545 106 2581 ⁷³·
128 2567 133 2581 2
149 2560 225 2589 oue
248 2545 356 2589 duas
380 2554 524 2598 natas,
547 2554 758 2602 quantum
781 2547 1042 2598 reminiscor,
1065 2547 1300 2592 habebas?

34 2651 35 2657 ¹
72 2601 175 2646 uio
196 2602 339 2646 Anius
361 2602 498 2646 niveis
521 2603 784 2647 circumdata
808 2613 1000 2661 tempora
1023 2604 1139 2647 vittis

70 2659 318 2704 macutiens
343 2666 386 2703 et
409 2659 539 2703 tristis
564 2660 641 2703 ait:
666 2665 772 2703 ‘non
796 2661 976 2712 falleris,
1001 2661 1126 2704 heros

0 2714 2 2757 ζ
31 2716 37 2728 '
74 2726 106 2750 ῑ·ι
128 2748 130 2751 -
175 2715 187 2727 “
201 2731 272 2760 ·e·.
330 2715 474 2760 vidisti
496 2724 694 2761 natorum
719 2717 909 2774 quinque
932 2726 1168 2775 parentem,

34 2819 39 2828 ,
73 2821 76 2827 ,
115 2787 202 2817 ·em
225 2787 340 2817 nunc
362 2776 501 2829 (tanta
523 2773 718 2819 homines
741 2789 884 2818 rerum
907 2775 1191 2819 inconstantia
1214 2775 1377 2834 versat)
1481 2789 1548 2822 645

34 2856 39 2877 2
166 2844 209 2875 ·e
231 2829 351 2875 vides
375 2830 541 2875 orbum.
601 2831 717 2889 quod
742 2832 854 2876 enim
879 2832 983 2876 mihi
1007 2833 1119 2877 filius
1144 2833 1299 2877 absens

1155 2900 1224 2935 15*
