1786 3242
318 265 811 303 METAMORPHOSEON
832 265 930 303 LIB.
958 265 1067 303 XIII.
1093 265 1286 303 735—822.
1409 255 1493 299 231

77 372 80 378 =
118 344 207 395 ho
227 346 345 391 ferus
367 347 559 390 ascendit
583 346 717 404 Cyclo
750 363 770 390 s
792 347 1044 403 mediusque
1067 347 1221 391 resedit
1228 363 1241 398 3

80 410 86 429 ’-
119 403 336 462 lanigerae
358 403 544 460 pecudes
566 405 684 447 nullo
738 411 889 448 ucente
914 412 1097 448 secutae.
1520 417 1588 450 780

87 514 90 516 v
116 460 191 506 αἱ
211 468 440 519 postquam
461 461 606 517 pinus,
632 461 773 504 baculi
795 475 906 516 quae
930 460 1128 518 praebuit
1151 475 1291 511 usum,

78 530 83 572 g
118 523 220 563 ute
241 517 372 574 pedes
395 517 535 616 posita
557 525 622 561 est
645 518 853 561 antemnis
877 526 979 574 apta
1002 517 1202 569 ferendis,

80 579 82 582 ’
115 581 374 631 sumptaque
427 573 705 617 arundinibus
729 583 951 631 compacta
974 581 1039 618 est
1061 575 1204 618 fistula
1228 581 1411 625 centum,

73 670 89 686 .,
119 637 342 676 amiserunt
363 629 440 673 toti
463 631 651 687 pastoria
674 630 798 674 sibila
820 638 999 682 montes,

66 699 74 732 ’ἰ
113 694 340 733 senserunt
362 686 516 730 undae.
573 687 744 730 latitans
768 701 850 744 ego
873 702 980 743 rupe
1004 687 1174 743 meique
1519 701 1586 735 785

117 743 270 788 Acidis
290 743 336 787 in
359 744 523 800 gremio
545 744 754 794 residens,
777 745 926 800 procul
949 744 1124 787 auribus
1147 744 1271 787 hausi

79 829 81 841 2
111 800 219 845 ulia
241 799 354 846 dicta
376 800 482 843 meis
506 800 736 856 auditaque
760 808 902 843 mente
925 800 1089 843 notavi:

68 874 81 903 3
111 856 370 902 “candidior
390 856 494 900 folio
517 857 649 908 nivei,
676 856 877 908 Galatea,
901 857 1082 913 ligustri,

52 919 68 934 ¹
110 913 302 959 floridior
324 913 475 971 pratis,
497 913 628 971 longa
651 913 864 970 procerior
887 914 998 964 alno,

10 983 15 997 -·
72 1002 75 1003 ⁷
110 970 376 1029 splendidior
398 970 522 1021 vitro,
546 978 691 1014 tenero
714 970 911 1014 lascivior
933 970 1084 1022 haedo,
1129 964 1140 973 ”
1519 986 1586 1018 790

71 1062 74 1066 ⁷
114 1027 250 1072 levior
271 1027 443 1071 assiduo
467 1027 628 1071 detritis
652 1041 836 1083 aequore
861 1027 1047 1078 conchis,

38 1118 39 1122 η
74 1094 75 1098 ’
109 1083 275 1128 solibus
297 1083 503 1135 hibernis,
529 1084 689 1128 aestiva
711 1084 872 1141 gratior
894 1084 1060 1134 umbra,

57 1158 76 1191 -;
109 1140 295 1185 nobilior
315 1140 479 1198 palma,
501 1141 672 1197 platano
697 1140 960 1197 conspectior
984 1141 1083 1192 alta,

63 1242 74 1251 „
113 1197 293 1242 lucidior
313 1197 472 1254 glacie,
496 1206 663 1240 matura
686 1197 850 1240 dulcior
872 1213 971 1248 uva,
1241 1234 1244 1235 ⁷

70 1266 76 1300 Τ
107 1253 279 1298 mollior
300 1261 344 1298 et
420 1254 488 1298 cni
510 1254 666 1311 plumis
691 1262 733 1298 et
754 1255 864 1297 lacte
889 1262 1048 1304 coacto,
1351 1279 1365 1292 x
1518 1270 1584 1303 795

59 1325 63 1364 ῖ
107 1317 175 1363 et,
198 1311 236 1354 si
256 1325 343 1354 non
365 1268 528 1368 ggias,
551 1311 675 1368 riguo
698 1311 924 1354 formosior
946 1311 1087 1354 horto:

52 1406 53 1409 ,
107 1367 278 1412 novior
298 1367 514 1411 indomitis
538 1369 688 1412 eadem
713 1367 897 1412 Galatea
919 1368 1124 1419 iuvencis,

0 1460 1 1477 ,
106 1423 258 1468 durior
278 1439 441 1468 annosa
463 1439 642 1482 quercu,
666 1425 858 1468 fallacior
879 1425 1018 1474 undis,

0 1529 1 1536 χ
62 1488 69 1516 1
107 1481 263 1526 lentior
285 1489 328 1526 et
352 1481 491 1525 salicis
514 1482 646 1538 virgis
670 1490 712 1525 et
736 1481 894 1524 vitibus
918 1482 1039 1532 albis,

17 1582 19 1586 .
58 1554 72 1559 “
107 1537 176 1583 his
197 1538 454 1582 immobilior
477 1539 680 1595 scopulis,
704 1539 925 1582 violentior
947 1552 1086 1589 amne,
1514 1553 1583 1587 800

4 1635 6 1641 .
63 1607 71 1649 ζ
106 1595 284 1639 laudato
307 1609 475 1652 pavone
499 1595 735 1652 superbior,
760 1596 896 1638 acrior
919 1595 1023 1652 igni,

69 1671 71 1674 ⁴
105 1651 299 1709 asperior
319 1651 506 1702 tribulis,
529 1652 619 1696 feta
642 1652 918 1695 truculentior
941 1668 1053 1702 ursa,

75 1758 82 1761 ⁴
104 1708 278 1752 surdior
298 1709 575 1764 aequoribus,
600 1710 761 1752 calcato
785 1709 986 1751 immitior
1008 1708 1158 1765 hydro,

66 1803 68 1807 ,
103 1773 172 1817 et,
194 1765 312 1821 quod
333 1765 562 1822 praecipue
585 1765 739 1809 vellem
762 1766 840 1808 tibi
863 1766 1033 1809 demere
1056 1780 1240 1822 possem,

62 1865 66 1875 ,
107 1834 195 1866 non
217 1829 386 1866 tantum
407 1836 535 1866 cervo
559 1822 682 1865 claris
705 1823 926 1865 latratibus
951 1830 1060 1873 acto,
1511 1838 1579 1870 805

68 1907 69 1912 =
106 1892 258 1923 verum
280 1878 409 1925 etiam
431 1879 569 1922 ventis
593 1878 838 1935 volucrique
862 1879 1057 1936 fugacior
1080 1878 1202 1921 aurai

56 1959 62 1970 ³
104 1942 155 1979 at
175 1935 286 1980 bene
309 1935 345 1979 si
367 1936 502 1986 noris,
525 1935 671 1993 pigeat
693 1936 875 1993 fugisse,
899 1951 1125 1992 morasque

51 2014 70 2046 χ
103 1992 202 2050 ipsa
223 1999 319 2035 tuas
343 1992 538 2044 damnes,
563 2001 606 2036 et
627 2008 697 2036 me
720 1993 900 2036 retinere
923 1993 1104 2036 labores.

61 2053 64 2066 ²
105 2056 207 2093 sunt
229 2049 354 2100 mihi,
377 2064 476 2106 pars
499 2050 673 2100 montis,
697 2050 795 2092 vivo
819 2049 1048 2106 pendentia
1071 2064 1174 2092 saxo

52 2138 61 2162 3
105 2113 248 2157 antra,
271 2105 428 2162 quibus
450 2121 530 2149 nec
554 2107 618 2149 sol
640 2107 781 2150 medio
806 2106 984 2149 sentitur
1006 2106 1051 2149 in
1074 2114 1194 2149 aestu
1510 2122 1579 2154 810

58 2167 63 2213 ζ
104 2176 187 2207 nec
209 2163 388 2207 sentitur
409 2162 558 2206 hiems.
618 2170 717 2206 sunt
738 2178 866 2220 poma
887 2163 1111 2220 gravantia
1133 2178 1293 2215 ramos3

20 2258 21 2269 ,
102 2226 208 2264 aunt
229 2233 336 2264 auro
359 2219 518 2263 similes
541 2220 681 2276 longis
704 2220 749 2262 in
774 2220 931 2262 vitibus
955 2235 1079 2271 uvae,

107 2283 207 2320 sunt
228 2283 272 2320 et
293 2291 551 2334 purpureae:
576 2277 653 2319 tibi
678 2285 719 2320 et
743 2277 820 2319 has
845 2292 1064 2320 servamus
1089 2283 1131 2320 et
1154 2277 1262 2320 illas.

15 2335 27 2378 J
48 2347 58 2368 ³
105 2332 201 2391 ipsa
221 2333 306 2377 tuis
329 2333 526 2376 manibus
551 2333 732 2377 silvestri
755 2341 856 2376 nata
880 2334 960 2376 sub
984 2334 1138 2376 umbra

23 2407 26 2409 ·
51 2442 53 2445 ι
103 2389 250 2434 mollia
271 2390 396 2448 fraga
417 2391 555 2448 leges,
579 2391 673 2448 ipsa
695 2390 958 2433 autumnalia
981 2405 1111 2434 corna
1507 2406 1574 2439 815

14 2503 16 2505 .
54 2468 57 2470 ·
104 2461 347 2504 prunaque,
370 2462 458 2490 non
481 2449 619 2490 solum
642 2447 765 2504 nigro
789 2448 962 2491 liventia
986 2462 1103 2499 suco,

14 2508 19 2514 ”
58 2523 59 2526 “
103 2517 254 2548 verum
277 2504 406 2548 etiam
429 2519 637 2562 generosa
659 2518 878 2560 novasque
900 2504 1110 2547 imitantia
1133 2519 1265 2548 ceras.

14 2608 19 2617 ,q
104 2574 184 2604 nec
207 2560 286 2603 tibi
309 2568 534 2604 castaneae
557 2576 626 2604 me
651 2561 832 2618 coniuge
856 2576 936 2604 nec
959 2561 1036 2604 tibi
1061 2562 1240 2605 deerunt

22 2644 24 2647 ·
57 2664 59 2666 ,
101 2616 270 2660 arbutei
293 2617 424 2661 fetus:
449 2618 586 2660 omnis
610 2618 687 2660 tibi
712 2618 866 2661 serviet
889 2618 1028 2661 arbor.

59 2723 61 2726 ¹
101 2672 184 2717 hoc
201 2689 332 2731 pecus
351 2688 476 2718 omne
494 2690 637 2718 meum
655 2682 737 2718 est:
762 2675 921 2718 multae
933 2689 1104 2731 quoque
1123 2676 1305 2720 vallibus
1325 2685 1479 2731 errant,
1503 2692 1572 2725 820

61 2743 63 2745 ’
100 2730 257 2774 multas
281 2731 389 2774 silva
412 2732 537 2789 tegit,
562 2732 720 2775 multae
745 2732 1011 2775 stabulantur
1033 2733 1077 2775 in
1103 2733 1247 2776 antris.

15 2841 21 2852 .
50 2794 65 2850 J
100 2801 201 2839 nec,
225 2787 263 2831 si
285 2787 395 2833 forte
418 2803 562 2846 roges,
587 2789 746 2846 possim
771 2788 849 2832 tibi
873 2789 1031 2841 dicere,
1057 2798 1161 2846 quot
1185 2791 1286 2835 sint:
