1786 3242
75 167 82 181 «z
99 152 133 181 ’ἡ

73 180 91 190 μ»

331 246 825 286 METAMORPHOSEON
846 247 945 284 LIB.
970 247 1078 284 XIII.
1105 247 1299 284 383—470.
1401 238 1489 281 223

102 328 279 375 inferias
301 328 374 372 ino
405 343 471 379 es,
495 329 655 372 crinem
678 330 961 385 lacrimasque
985 328 1168 384 reliquit.

61 390 64 395 '
161 384 264 436 Est,
287 384 364 428 ubi
450 385 519 428 oia.
542 385 642 436 fuit,
665 385 786 442 Phry
817 387 883 429 iae
908 386 1119 429 contraria
1141 385 1266 429 tellus

57 475 61 499 ἒ
102 441 310 487 Bistoniis
332 441 523 485 habitata
548 442 662 485 viris.
720 442 787 485 Po
803 442 1027 500 ymestoris
1051 442 1137 485 illic
1314 452 1317 457 “

57 534 60 538 .
102 498 224 557 regia
246 498 367 542 dives
391 507 501 550 erat,
527 499 595 542 cui
619 506 662 542 te
687 499 897 542 commisit
921 499 1122 543 alendum
1509 513 1582 546 430

102 555 234 606 dnm,
256 555 492 612 Polydore,
515 564 648 612 pater,
673 555 962 612 Phrygiisque
985 556 1166 599 removit
1189 556 1244 598 ab
1269 555 1415 598 armis:

104 611 328 657 eonsilium
352 611 540 669 sapiens,
565 612 736 655 sceleris
759 613 842 655 nisi
865 612 1055 669 praemia
1078 627 1257 669 magnas

103 668 329 714 adiecisset
351 683 475 725 opes,
501 668 632 711 animi
653 669 871 712 irritamen
896 669 1026 711 avari.

57 765 58 768 ,
103 733 153 770 ut
175 725 328 769 cecidit
349 725 522 768 fortuna
543 725 789 782 Phrygum,
815 725 929 782 capit
951 725 1107 781 impius
1131 740 1276 768 ensem

102 796 180 827 rex
203 781 422 825 Thracum
444 781 678 848 iuguloque
703 782 769 824 sui
794 782 963 824 demisit
987 782 1166 824 alumni:
1509 795 1580 827 435

103 846 148 883 ot
170 846 390 894 tamquam
413 838 504 881 tolh
527 853 627 881 cum
650 852 825 895 corpore
850 838 1027 881 crimina
1049 845 1236 894 possent,

103 895 344 941 exanimem
367 895 543 952 scopulo
567 895 780 938 subiectas
804 895 919 938 misit
941 895 986 936 in
1010 894 1160 937 undas,

101 952 226 997 litore
247 951 447 996 Threicio
471 951 651 995 classem
673 952 872 1008 religarat
897 951 1088 1002 Atrides,

104 1009 206 1053 dum
231 1023 348 1052 mare
370 1015 590 1066 pacatum,
616 1008 718 1051 dum
743 1017 895 1052 ventus
920 1008 1095 1051 amicior
1119 1015 1241 1051 esset.

10 1118 12 1123 ,
47 1088 51 1101 -.
102 1065 174 1110 hic
196 1065 352 1117 subito,
377 1072 561 1122 quantus
587 1080 684 1109 cum
709 1065 871 1108 viveret
894 1080 987 1108 esse
1012 1064 1188 1115 solebat,
1510 1079 1582 1110 440

8 1140 11 1143 ⁴
48 1150 50 1154 ν
103 1122 193 1166 exit
214 1122 348 1165 humo
368 1121 454 1166 late
478 1129 605 1178 rupta
629 1122 861 1177 similisque
885 1122 1065 1164 minanti

102 1178 305 1237 temporis
327 1178 440 1222 illius
465 1179 631 1221 vultum
655 1179 868 1222 referebat
890 1179 1097 1229 Achilles,
1126 1199 1128 1202 ·

105 1250 193 1304 quo
215 1235 334 1279 ferus
356 1235 514 1278 iniusto
538 1235 660 1292 petiit
682 1236 1014 1291 Agamemnona
1036 1235 1163 1284 ferro,

18 1337 22 1346 ,Δ
41 1309 43 1311 ’
103 1292 495 1348 ‘immemores’que
519 1292 622 1335 ‘mei
646 1292 887 1343 disceditis:
912 1292 1070 1347 inquit,
1098 1291 1295 1334 ‘Achivi?

15 1346 50 1378 ‘³³²
102 1349 342 1405 obrutaque
364 1356 431 1393 est
453 1358 621 1392 mecum
646 1349 812 1392 virtutis
837 1349 974 1406 gratia
998 1349 1195 1392 nostrae?
1509 1363 1580 1395 445

19 1418 45 1462 ’3.
102 1421 158 1450 ne
180 1405 328 1449 facite!
353 1413 486 1461 utque
509 1421 652 1449 meum
677 1420 762 1448 non
788 1406 842 1448 sit
866 1406 955 1449 sine
980 1405 1138 1448 honore
1164 1405 1421 1462 sepulcrum,

17 1466 42 1507 5³2
130 1463 242 1507 lacet
265 1462 484 1506 Achilleos
507 1470 692 1506 mactata
714 1462 939 1519 Polyxena
962 1462 1145 1506 Manes.’

34 1530 40 1539 ⁷
101 1477 224 1563 gixit.
283 1526 345 1570 et,
367 1519 522 1562 immiti
545 1519 669 1562 sociis
692 1519 941 1576 parentibus
965 1519 1155 1570 umbrae,

103 1584 228 1633 rapta
249 1576 347 1620 sinu
369 1575 537 1627 matris,
562 1590 693 1632 quam
714 1576 801 1619 iam
825 1591 957 1633 prope
982 1576 1072 1619 sola
1095 1576 1283 1627 fovebat,
1302 1615 1311 1626 ,

101 1632 224 1676 fortis
248 1640 291 1676 et
312 1632 462 1677 infelix
487 1640 530 1677 et
551 1633 648 1689 plus
673 1647 804 1688 quam
826 1633 986 1676 femina
1009 1634 1131 1690 virgo
1509 1647 1582 1679 450

104 1689 279 1733 ducitur·
297 1689 354 1732 ad
376 1690 589 1733 tumulum
613 1690 789 1745 diroque
813 1690 861 1732 fit
883 1690 1021 1732 hostia
1044 1691 1184 1732 busto.

47 1745 49 1749 '
74 1760 77 1761 ⁷
103 1761 216 1803 quae
239 1760 403 1790 memor
425 1747 520 1803 ipsa
544 1746 629 1796 sui,
655 1754 882 1802 postquam
907 1746 1150 1789 crudelibus
1176 1747 1259 1789 aris

19 1838 39 1860 1«.
103 1803 277 1847 admota
299 1810 364 1847 est
387 1804 603 1858 sensitque
627 1803 709 1846 sibi
731 1803 823 1846 fera
847 1817 967 1846 sacra
990 1803 1144 1859 parari,

19 1861 39 1918 J
102 1868 236 1916 utque
258 1859 590 1917 Neoptolemum
614 1867 795 1903 stantem
820 1860 1066 1915 ferrumque
1090 1867 1305 1903 tenentem

101 1917 232 1973 inque
256 1931 333 1960 suo
357 1917 464 1960 vidit
486 1917 689 1974 figentem
711 1916 874 1959 lumina
897 1917 1034 1968 vultu,
1510 1932 1580 1963 455

0 1978 1 1984 ’
21 1970 39 2021 ἐξ
103 1978 244 2018 ‘utere
266 1973 516 2017 iamdudum
539 1988 748 2031 generoso
772 1973 1000 2030 sanguine’
1025 1973 1150 2016 dixit:

103 2031 241 2074 ‘nulla
262 2045 383 2074 mora
406 2038 489 2074 est:
513 2031 583 2073 vel
606 2038 654 2073 tu
677 2030 825 2087 iugulo
850 2031 918 2073 vel
941 2038 1113 2086 pectore
1136 2031 1268 2073 telum

103 2087 240 2132 conde
261 2087 398 2131 meol'
421 2087 466 2130 iu
499 2087 703 2142 ulumque
727 2087 852 2130 simul
876 2094 1110 2143 pectusque
1133 2088 1298 2130 retexit.

106 2144 285 2188 ‘scilicet
307 2144 424 2187 haud
509 2145 523 2187 i
546 2144 702 2188 servire
726 2144 951 2200 Polyxena
973 2144 1148 2194 ferrem3

19 2207 35 2256 ἦ,
106 2201 222 2244 haud
245 2216 322 2258 per
344 2201 429 2245 tale
453 2215 620 2244 sacrum
643 2216 803 2244 numen
826 2201 1049 2257 placabitis
1073 2201 1222 2243 ullum.
1508 2216 1580 2248 460

22 2266 34 2315 ‘J
104 2272 219 2301 mors
243 2266 409 2301 tantum
433 2258 587 2303 vellem
611 2266 790 2300 matrem
814 2273 910 2300 mea
932 2257 1080 2301 fallere
1103 2265 1259 2314 posset.

104 2321 240 2359 mater
262 2315 383 2358 obest
407 2315 644 2370 minuitque
667 2314 783 2358 necis
808 2314 912 2356 mihi
935 2314 1106 2370 gaudia.
1167 2315 1362 2370 quamvis

11 2403 14 2406 -
74 2419 86 2430 s
102 2385 190 2415 non
213 2387 310 2415 mea
332 2386 446 2415 mors
469 2371 550 2422 illi,
574 2387 723 2414 verum
747 2387 826 2414 sua
850 2371 937 2414 vita
960 2371 1180 2414 tremenda
1204 2380 1280 2414 est.

27 2438 35 2480 sj
102 2442 180 2472 vos
203 2429 345 2480 mod0,
369 2443 423 2472 ne
449 2427 624 2485 Stygios
649 2429 800 2471 adeam
823 2442 909 2470 non
932 2428 1067 2471 libera
1090 2428 1259 2479 Manes,

29 2511 33 2526 2
101 2485 161 2529 ite
183 2486 353 2542 procul,
377 2485 414 2528 si
437 2485 550 2528 iusta
572 2492 685 2541 peto,
710 2492 911 2540 tactuque
936 2485 1078 2528 viriles
1508 2499 1579 2531 465

11 2551 30 2575 ’ἒ
103 2542 295 2600 virgineo
319 2550 534 2585 removete
558 2557 723 2584 manus.
783 2542 995 2598 acceptior
1016 2541 1091 2592 illi,

31 2627 36 2630 >
102 2599 294 2655 quisquis
317 2599 353 2642 is
378 2607 461 2649 est,
486 2613 614 2654 quem
639 2598 768 2642 caede
792 2613 888 2641 mea
911 2599 1080 2655 placare
1104 2598 1275 2655 paratis,

12 2694 38 2717 ¹:
100 2655 210 2700 liber
232 2656 312 2700 erit
335 2656 522 2713 sanguis.
582 2655 616 2698 si
641 2669 747 2711 quos
772 2663 914 2698 tamen
938 2656 1088 2709 ultima
1110 2656 1244 2699 nostri

102 2712 234 2756 verba
256 2722 430 2756 movent
454 2712 556 2756 oris:
582 2711 745 2755 Priami
769 2727 845 2755 vos
869 2712 956 2755 filia
979 2713 1106 2769 regis,

12 2781 53 2816 μ’
100 2783 186 2812 non
212 2770 381 2827 captiva
404 2777 545 2827 rogat:
571 2769 776 2827 genetrici
802 2784 954 2826 corpus
978 2769 1228 2826 inemptum·
1506 2785 1578 2816 470

14 3004 45 3139 5¹⁵}ssth
22 2926 43 2992 ,ὴν-3
20 2887 41 2914 ὲ.
11 2836 37 2861 ’ἠ-
35 2814 38 2822 -
