1786 3242
276 254 773 294 METAMORPHOSEON
794 254 893 292 Lm.
919 253 1005 291 xv.
1032 228 1228 291 ὅθι-668.

59 369 64 376 -ι
78 365 106 379 ψ
135 390 137 392 ,
174 355 200 383 a
222 338 458 383 Romuleae
482 337 612 381 sacris
636 336 837 380 adiecerit
859 336 990 379 urbis.

52 387 109 435 ⁵2·
136 418 140 433 ‚-
175 396 268 440 lues
290 394 507 451 quondam
529 393 678 437 Latias
701 393 926 436 vitiaverat
948 407 1088 442 auras,

61 466 104 498 12·
130 452 303 508 ''daque
327 451 536 508 exsangui
559 449 813 506 squalebant
835 463 1013 506 corpora
1036 449 1150 491 tabo.

62 519 65 523 ’
92 532 98 546 r
122 508 284 554 eribus
305 507 408 552 fessi
489 516 658 563 stquam
681 505 878 549 mortalia
901 514 1079 549 cernunt

104 587 137 603 ω
179 571 368 608 tamenta
420 563 432 574 '
465 563 476 574 “
501 594 514 614 ,
537 563 644 606 nihil
667 569 780 606 artes
835 577 931 605 osse
955 562 1214 612 medentum,

18 659 20 662 Α
58 645 74 655 ω
179 621 267 665 ‘um
290 620 471 664 caeleste
493 626 658 676 petunt.
717 634 786 662 me
819 619 987 674 ’amque
1011 625 1203 662 tenentes

72 701 90 717 .1
122 679 169 716 .·;
198 677 379 721 humum
400 676 595 733 Delphos
619 676 797 725 adeunt,
823 675 996 718 oracula
1018 675 1198 726 Phoebi,

22 739 23 742 ’
75 758 80 771 ·
104 749 193 779 oue
217 733 435 778 salutifera
458 732 622 776 miseris
646 746 892 774 succurrere
915 731 1044 774 rebus

20 843 22 846 ‚
92 814 112 829 ιι
158 812 163 817 ·
195 790 298 835 velit
318 797 547 845 tantaeque
569 788 687 832 urbis
711 789 824 830 mala
846 787 984 839 finiat,
1009 795 1144 830 orant.

17 847 22 875 s
54 863 57 866 ⁴
72 871 81 886 2
125 848 246 892 locus
269 854 312 891 et
332 846 479 890 laurus
503 853 566 897 et,
590 860 696 901 quas
719 845 851 887 habet
873 844 978 900 ipse,
1002 844 1225 900 pharetrae

18 906 20 910 ’
44 907 316 951 'inminuere
339 903 485 954 simu13
510 903 758 957 cortinaque
780 901 965 944 reddidit
987 901 1072 943 imo

13 978 15 981 ’
54 961 172 1006 hanc
194 961 326 1017 adyto
348 973 499 1003 vocem
521 959 832 1016 pavefactaque
886 965 1028 1000 ectora
1050 957 1204 1000 movit:
1273 959 1275 961 ’

19 1017 197 1075 ‘quod
218 1017 329 1074 petis
351 1016 470 1068 hinc,
493 1016 690 1083 propiore
714 1016 821 1065 loco,
915 1029 1059 1064 mane,
1084 1013 1281 1071 petisses:

20 1082 106 1123 „ret
121 1081 225 1142 pete
246 1087 362 1117 nunc
384 1087 583 1130 propiore
606 1073 713 1115 loco.
772 1086 851 1114 nec
875 1071 1078 1128 Apolline
1102 1070 1237 1122 vobis,

27 1151 40 1188 52
58 1146 137 1188 qm
158 1130 322 1174 minuat
344 1129 503 1181 luctus,
526 1143 553 1172 o
583 1144 634 1172 us
659 1135 741 1178 est,
766 1128 842 1171 sed
866 1127 1067 1184 Apolline
1091 1135 1203 1170 nato.

40 1188 120 1232 ito
141 1187 265 1230 bonis
287 1185 459 1237 avibus,
482 1200 560 1244 pro
577 1200 730 1241 emque
753 1185 952 1227 arcessite
976 1184 1191 1226 nostram?

21 1251 23 1254 ⁴
58 1245 179 1288 iussa
201 1243 271 1287 dei
293 1242 481 1300 prudens
504 1249 732 1299 postquam
756 1257 957 1297 accepere
982 1249 1167 1291 senatus,

31 1303 43 1343 ³?
57 1315 191 1357 quam
215 1300 344 1351 colat,
369 1299 610 1357 explorant,
633 1299 799 1342 iuvenis
823 1298 1066 1341 Phoebeius
1089 1297 1254 1348 urbem,

18 1370 45 1423 ‚g
60 1357 220 1414 quique
244 1364 392 1414 petant
413 1355 551 1400 ventis
575 1355 811 1413 Epidauria
833 1355 975 1405 litora,
999 1354 1185 1397 mittunt.

16 1426 29 1461 3'
61 1429 172 1471 quae
196 1413 323 1456 simul
344 1413 522 1456 incurva
544 1412 663 1455 missi
686 1413 863 1468 tetigere
887 1411 1044 1462 carina,

58 1470 288 1516 concilium
311 1468 554 1525 Graiosque
578 1476 720 1526 patres
745 1469 906 1519 adiere,
931 1468 1178 1524 darentque,

57 1535 256 1577 oravere,
279 1526 428 1577 deum,
451 1526 527 1582 qui
549 1541 750 1583 praesens
774 1526 924 1568 funera
947 1524 1086 1581 gentis

3 1634 8 1639 .
58 1583 181 1627 finiat
203 1583 444 1626 Ausoniae:
469 1590 606 1626 certas
630 1582 711 1625 hoc
735 1582 875 1625 dicere
899 1590 1047 1625 sortes.

3 1640 10 1644 ”
58 1640 237 1684 dissidet
261 1647 304 1683 et
327 1639 462 1682 variat
487 1639 713 1682 sententia:
738 1653 921 1695 parsque
945 1637 1190 1695 negandum

58 1712 148 1746 non
168 1704 294 1754 putat
316 1696 542 1747 auxilium;
566 1696 687 1738 multi
709 1696 889 1739 retinere
914 1709 1120 1750 suamque

58 1768 147 1797 non
169 1753 362 1797 emittere
386 1767 512 1810 opem
534 1767 614 1796 nec
636 1752 813 1795 numina
836 1752 1002 1794 tradere
1027 1751 1220 1794 suadent.

57 1811 166 1854 dum
189 1809 404 1860 dubitant,
429 1824 567 1852 seram
590 1809 792 1866 pepulere
817 1808 1066 1864 crepuscula
1090 1809 1243 1858 lucem,

60 1867 298 1922 umbraque
320 1866 482 1910 telluris
506 1865 702 1910 tenebras
725 1865 952 1908 induxerat
975 1864 1086 1907 orbi:

17 1941 29 1955 =‘
56 1938 160 1967 cum
183 1923 289 1966 deus
313 1923 357 1966 in
381 1922 540 1966 somnis
564 1922 701 1979 opifer
717 1923 954 1965 consistere
978 1921 1092 1964 visus

58 1987 160 2024 ante
182 1987 323 2031 tuum,
346 1979 559 2030 Romane,
583 1987 742 2030 torum,
767 1979 843 2022 sed
867 1978 1003 2034 qualis
1027 1978 1072 2020 in
1096 1978 1202 2021 aede

7 2048 22 2094 5
57 2051 155 2080 esse
178 2036 303 2087 solet,
326 2036 611 2091 baculumque
635 2043 784 2078 tenens
808 2043 975 2092 agreste
1001 2035 1169 2078 sinistra

6 2094 21 2110 ⁴
58 2093 293 2146 caesariem
315 2093 469 2149 longae
493 2093 643 2136 dextra
666 2093 876 2135 deducere
899 2091 1059 2135 barbae

8 2158 24 2201 ,ᾗ
57 2157 105 2193 et
127 2149 294 2207 placido
318 2149 424 2192 tales
448 2149 639 2192 emittere
661 2156 831 2205 pectore
854 2163 1000 2192 voces:

14 2032 25 2040 ἢ
3 1911 29 2018 Ῐξέ-Ἳθὸῖ
0 1864 11 1882 ⁴:
4 1825 11 1829 ³

1356 242 1442 288 269

2 2206 21 2259 ’ξ
58 2211 191 2263 ‘pone
213 2213 354 2249 metus
361 2222 373 2257 ;
397 2206 586 2256 veniam,
611 2205 922 2261 simulacraque
946 2212 1090 2248 nostra
1113 2205 1364 2260 relinquam.

6 2269 19 2300 'a
61 2262 176 2306 hunc
199 2262 327 2305 modo
352 2270 610 2319 serpentem,
634 2262 836 2305 baculum
860 2262 934 2318 qui
957 2262 1138 2305 nexibus
1163 2262 1310 2313 ambit,

13 2323 17 2370 J
57 2319 252 2376 perspice
277 2326 320 2362 et
340 2333 477 2375 usque
500 2326 602 2362 nota
624 2320 739 2370 visu,
762 2327 811 2361 ut
834 2333 1091 2376 cognoscere
1113 2319 1263 2375 possis.

60 2383 202 2419 vertar
223 2375 269 2418 in
292 2375 427 2428 hunc;
452 2375 528 2419 sed
551 2376 687 2418 maior
710 2390 797 2427 ero,
821 2382 1048 2431 tantusque
1072 2375 1263 2427 videbor,

5 2430 21 2474 ’ί
58 2432 104 2474 in
127 2439 335 2488 quantum
359 2432 467 2476 verti
490 2432 688 2476 caelestia
711 2447 889 2489 corpora
912 2432 1095 2475 debent.’

0 2494 19 2548 3
57 2489 275 2546 extemplo
299 2503 396 2532 cum
419 2503 525 2532 voce
549 2489 674 2540 deus,
700 2504 799 2532 cum
822 2504 926 2533 voce
952 2490 1117 2545 deoque

57 2559 233 2588 somnus
258 2545 366 2597 abit,
390 2546 612 2601 somnique
635 2546 785 2603 fugam
808 2547 884 2588 lux
907 2547 1019 2589 alma
1043 2553 1188 2590 secuta
1212 2554 1287 2590 est.

0 2596 16 2656 ἱ
57 2609 229 2668 postera
252 2602 438 2646 sidereos
462 2617 615 2646 aurora
636 2603 861 2660 fugaverat
883 2603 1026 2660 ignes:

0 2642 19 2717 4
57 2658 226 2709 incerti,
251 2659 354 2714 quid
379 2667 527 2716 agant,
582 2674 747 2704 roceres
772 2660 827 2702 ad
850 2660 1009 2716 templa
1034 2660 1154 2716 petiti

0 2717 18 2750 i*
57 2715 316 2758 conveniunt
339 2730 518 2772 operosa
571 2716 629 2767 ei,
655 2731 822 2772 quaque
847 2717 936 2773 ipse
962 2716 1118 2760 morari

0 2747 17 2847 ξ
57 2771 158 2815 sede
182 2772 303 2824 velit,
328 2773 460 2831 signis
485 2774 736 2817 caelestibus
760 2774 935 2825 indicet,
961 2781 1095 2817 orant.

0 2958 36 3242 Ξ.

1464 347 1531 380 625

1466 630 1533 663 630

1465 914 1531 946 635

1464 1198 1531 1230 640

1464 1481 1529 1513 645

1463 1764 1531 1796 650

1463 2047 1528 2080 655

1462 2332 1530 2365 660

1460 2616 1527 2649 665
