1786 3242
339 276 423 319 184
778 283 822 319 Ρ.
847 284 1012 322 OVIDII
1034 282 1251 321 NASONIS

248 380 312 412 140
337 366 660 423 spumigeroque
684 372 806 407 tuum
828 364 949 415 fonti,
974 379 1058 419 qua
1081 364 1288 421 plurimus
1313 365 1412 415 exit,

336 422 471 465 subde
494 430 638 478 caput,
664 434 901 476 corpusque
926 421 1069 471 simul,
1095 421 1219 463 simul
1243 422 1336 464 elue
1360 421 1549 473 crimen?

335 493 411 521 rex
433 478 572 520 iussae
597 477 783 520 succedit
806 491 954 532 aquae.
1013 477 1077 519 vis
1102 492 1230 520 aurea
1252 477 1375 519 tinxit

336 535 494 577 flumen
518 541 558 576 et
583 533 768 575 humano
793 533 846 575 de
870 547 1044 589 corpore
1069 533 1194 576 cessit
1216 532 1260 575 in
1283 548 1463 576 amnem.

335 605 448 633 nunc
470 604 640 645 quoque
662 590 746 631 iam
770 589 922 632 veteris
945 596 1143 645 percepto
1168 589 1326 632 semine
1349 604 1482 634 venae

248 659 311 691 145
336 661 437 689 arva
459 647 598 702 rigent
621 660 723 688 auro
745 645 926 688 madidis
949 645 1149 701 pallentia
1171 646 1346 701 glaebis.

392 703 489 754 Ille,
512 717 687 758 perosus
712 716 832 757 opes,
858 702 983 744 silvas
1009 709 1050 744 et
1073 717 1171 743 rura
1195 702 1359 744 colebat

334 759 540 814 Panaque
563 759 772 800 montanis
796 758 1056 800 habitantem
1080 773 1245 814 semper
1268 758 1312 800 in
1337 758 1479 800 antris.

334 816 493 872 pingue
517 815 591 858 sed
613 815 831 870 ingenium
853 815 1006 856 mansit
1014 831 1025 864 ;
1050 814 1345 869 nocituraque,
1368 822 1417 857 ut
1440 821 1556 866 ante,

335 887 479 914 rursus
503 878 621 914 erant
645 871 814 913 domino
839 871 990 913 stultae
1013 871 1258 926 praecordia
1280 870 1445 913 mentis.

246 941 313 973 150
336 943 436 970 nam
458 928 566 970 freta
588 927 845 983 prospiciens
869 927 952 969 late
975 927 1085 983 riget
1108 927 1264 969 arduus
1289 927 1373 969 alto

335 984 512 1026 Tmolus
536 984 580 1025 in
604 998 800 1034 ascensu,
825 983 1017 1037 clivoque
1042 990 1239 1025 extensus
1262 991 1442 1038 utroque

337 1040 543 1083 Sardibus
567 1040 682 1089 hinc,
706 1039 819 1081 illinc
839 1039 983 1105 parvis
1006 1039 1150 1082 finitur
1172 1040 1407 1096 Hypaepis.

334 1097 430 1139 Pan
453 1096 513 1138 ibi
537 1097 637 1138 dum
661 1096 814 1138 teneris
837 1103 965 1138 lactat
989 1111 1066 1138 sua
1089 1096 1275 1138 carmina
1297 1095 1496 1152 nymphis

336 1160 378 1195 et
400 1153 493 1195 leve
518 1160 658 1195 cerata
680 1152 920 1194 modulatur
943 1152 1178 1194 harundine
1202 1167 1384 1202 carmen,

246 1222 311 1253 155
337 1223 464 1251 ausus
487 1209 736 1264 Apollineos
759 1223 860 1264 prae
884 1223 929 1250 se
955 1216 1220 1251 contemnere
1245 1215 1406 1259 cantus,

334 1265 473 1307 iudice
497 1265 576 1307 sub
599 1265 750 1306 Tmolo
775 1271 987 1306 certamen
1010 1266 1123 1307 venit
1148 1265 1203 1307 ad
1225 1265 1372 1320 impar.

334 1329 477 1363 monte
501 1334 576 1363 suo
601 1321 740 1363 senior
761 1320 891 1363 iudex
914 1321 1121 1371 consedit,
1146 1328 1188 1363 et
1211 1336 1333 1363 aures

333 1377 485 1420 liberat
508 1377 740 1419 arboribus.
798 1390 957 1431 quercu
981 1391 1102 1419 coma
1125 1377 1292 1419 caerula
1315 1384 1480 1420 tantum

335 1434 531 1489 cingitur,
555 1442 597 1475 et
620 1433 806 1489 pendent
830 1433 987 1475 circum
1012 1448 1117 1475 cava
1139 1441 1329 1489 tempora
1351 1434 1574 1489 glandes.‘'

246 1503 311 1535 160
335 1490 456 1544 isque
480 1490 606 1532 deum
629 1489 792 1545 pecoris
816 1490 1010 1544 specta'ns
1035 1490 1096 1531 ‘in
1121 1489 1277 1532 iudice'
1303 1489 1409 1531 dixit
1577 1500 1580 1501 ’

337 1546 472 1588 ‘nulla
495 1560 613 1587 mora
637 1545 728 1588 est.'
786 1545 958 1587 calamis
982 1546 1219 1601 agrestibus
1242 1546 1408 1588 insonat
1430 1545 1520 1589 ille:

333 1601 639 1656 barbaricoque
663 1601 814 1643 Midan
838 1601 1003 1655 (aderat
1025 1617 1125 1643 nam
1148 1601 1256 1644 forte
1280 1602 1466 1658 canent-i)

335 1658 518 1700 carmine
543 1658 709 1700 delenit.
767 1665 863 1714 post
885 1658 998 1700 hunc
1023 1673 1140 1701 sacer
1163 1672 1237 1700 ora
1259 1658 1427 1701 retorsit

334 1714 510 1756 Tmolus
535 1715 589 1756 ad
613 1729 659 1756 os
682 1714 847 1756 Phoebi
855 1730 866 1764 3
891 1715 1056 1756 vultum
1081 1730 1158 1756 sua
1180 1714 1286 1757 silva
1309 1721 1455 1758 secuta
1476 1721 1555 1757 est.

245 1783 309 1815 165
334 1771 403 1813 ille
428 1778 555 1826 caput
577 1771 735 1812 flavum
757 1771 877 1812 lauro
900 1770 1134 1813 Parnaside
1158 1771 1323 1813 vinctus

334 1826 463 1869 verrit
486 1827 662 1868 humum
685 1826 816 1881 Tyrio
841 1833 1027 1868 saturata
1049 1827 1207 1869 murice
1231 1827 1362 1882 palla:

333 1883 649 1937 instrictamque
671 1883 799 1924 fidem
822 1883 1001 1938 gemmis
1026 1889 1066 1924 et
1091 1883 1286 1925 dentibus
1310 1882 1429 1925 Indis

335 1939 511 1981 sustinet
534 1954 559 1980 a
582 1940 720 1980 laeva:
746 1939 881 1980 tenuit
902 1953 1053 1980 manus
1076 1939 1206 1981 altera
1229 1940 1449 1994 plectrum.

335 1995 504 2037 artificis
528 2002 661 2036 status
684 1995 774 2050 ipse
798 1995 890 2036 fuit.
949 2002 1039 2036 tum
1064 1995 1243 2037 stamina
1266 1996 1389 2038 docto

246 2065 310 2097 170
334 2051 484 2106 pollice
508 2051 720 2101 sollicitat3
746 2065 925 2105 quorum
950 2051 1170 2093 dulcedine
1195 2059 1342 2107 captus

333 2108 455 2149 Pana
477 2107 595 2149 iubet
617 2107 794 2148 Tmolus
818 2106 1002 2150 citharae
1027 2107 1272 2150 submittere
1297 2122 1467 2150 cannas.

332 2163 534 2205 iudicium
559 2164 775 2217 sanctique
798 2163 937 2218 placet
961 2164 1166 2205 sententia
1189 2164 1342 2206 montis

333 2219 547 2269 omnibus3
572 2220 762 2274 arguitur
785 2226 924 2261 tamen
949 2227 1075 2274 atque
1098 2220 1254 2262 iniusta
1276 2226 1451 2262 vocatur

332 2276 457 2318 unius
481 2290 671 2318 sermone
695 2275 855 2317 Midae.
914 2290 992 2318 nec
1015 2276 1166 2318 Delius
1191 2291 1312 2319 aures

243 2346 307 2378 175
332 2332 561 2374 humanam
585 2331 754 2374 stolidas
778 2332 936 2387 patitur
958 2332 1136 2374 retinere
1159 2332 1358 2388 figuram:

332 2389 407 2431 sed
429 2388 556 2430 trahit
578 2388 622 2430 in
646 2389 827 2444 spatium
851 2388 1043 2443 villisque
1067 2388 1305 2431 albentibus
1328 2389 1490 2444 implet,

330 2445 631 2499 instabilesque
655 2445 761 2486 imas
785 2444 887 2486 facit
910 2452 950 2487 et
975 2444 1047 2486 dat
1070 2459 1193 2500 posse
1217 2445 1390 2488 moveri.

331 2509 471 2544 cetera
495 2508 592 2543 sunt
614 2501 813 2543 hominis:
837 2508 998 2556 partem
1024 2501 1247 2543 damnatur
1269 2501 1313 2543 in
1335 2516 1465 2545 unam

330 2557 601 2612 induiturque
625 2573 747 2600 aures
771 2558 882 2600 lente
906 2557 1135 2623 gradientis
1159 2558 1289 2600 aselli.

243 2627 308 2659 180
388 2613 466 2655 Ille
490 2614 659 2668 quidem
684 2614 818 2656 celare
843 2621 976 2669 cupit,
1002 2614 1196 2669 turpique
1219 2614 1380 2669 pudore

331 2677 522 2725 tempora
544 2670 765 2725 purpureis
790 2677 968 2725 temptat
991 2670 1130 2712 velare
1154 2670 1284 2712 tiaris.

332 2726 405 2767 sed
429 2725 575 2767 solitus
598 2726 746 2781 longos
770 2726 881 2768 ferro
905 2741 1094 2768 resecare
1118 2726 1290 2782 capillos

331 2781 494 2824 viderat
517 2782 596 2824 hoc
619 2782 816 2824 famulus.
875 2782 965 2837 qui,
991 2797 1086 2825 cum
1110 2797 1189 2826 nec
1210 2782 1388 2839 prodere
1411 2782 1550 2826 visum
