1786 3242
390 288 474 332 232
838 297 882 332 Ρ.
909 294 1073 334 ovn>11
1094 262 1314 334 nnsoms

389 378 588 434 pauperis
614 384 677 420 est
700 391 922 419 numerare
946 392 1088 433 pecus.
1149 377 1201 420 de
1223 377 1418 420 laudibus
1442 377 1595 422 harum

330 473 333 476 ,
386 434 445 476 nil
468 434 572 476 mihi
596 433 839 476 credideris:
865 448 1063 488 praesens
1087 441 1207 489 potes
1229 434 1323 490 ipsa
1344 433 1500 486 videre,

295 505 360 537 825
385 497 432 532 ut
455 490 527 532 vix
552 489 763 532 circueant
788 489 1015 531 distentum
1040 490 1231 532 cruribus
1254 490 1372 533 uber.

388 553 505 594 sunt,
529 545 668 589 fetura
690 546 840 595 minor,
864 545 1015 601 tepidis
1039 545 1082 587 in
1106 545 1286 588 ovilibus
1310 546 1408 603 agni
1416 563 1428 597 ;

388 610 485 645 sunt
509 601 697 657 quoque,
722 616 799 657 par
823 608 959 652 aetas,
985 601 1076 644 aliis
1099 602 1144 644 in
1167 601 1348 644 ovilibus
1371 602 1508 646 haedi.

386 658 453 701 lac
475 658 579 700 mihi
603 672 770 713 semper
793 658 911 700 adest
934 658 1123 700 niveum:
1147 673 1244 714 pars
1267 658 1364 701 inde
1388 658 1575 702 bibenda.

387 721 590 764 servatur,
614 723 778 770 partem
801 714 1027 768 liquefacta
1051 714 1230 770 coagula
1253 714 1418 757 durant.

296 785 362 818 830
387 785 466 813 nec
489 771 565 812 tibi
589 770 763 813 deliciae
787 770 930 812 faciles
955 770 1211 826 vulgataque
1234 777 1397 813 tantum

384 841 562 870 munera
589 827 851 882 contingent,
877 826 1071 869 dammae
1094 827 1341 883 leporesque
1366 841 1416 870 ca
1446 841 1592 882 erque,

386 898 515 939 parve
540 882 828 925 columbarum
853 883 1100 938 demptusve
1124 883 1341 925 cacumine
1363 883 1408 925 ni
1438 898 1508 926 us:

385 940 527 982 inveni
550 939 762 995 geminos,
786 938 859 993 qui
882 946 1022 981 tecum
1045 939 1190 982 ludere
1213 939 1388 995 possint,

385 996 495 1038 inter
518 1010 562 1038 se
587 995 761 1045 similes,
785 995 857 1036 vix
881 1002 928 1036 ut
952 995 1197 1051 dignoscere
1221 995 1372 1051 possis,

295 1066 361 1098 835
386 1052 558 1094 villosae
583 1051 743 1093 catulos
766 1051 810 1092 in
835 1052 1007 1093 summis
1031 1051 1244 1094 montibus
1269 1066 1412 1095 ursae:

385 1108 526 1150 inveni
551 1115 592 1150 et
621 1107 708 1149 dixi
733 1107 973 1149 “‘dominae
999 1107 1258 1150 servabimus
1282 1107 1440 1151 istos.”’

384 1164 470 1206 iam
494 1163 619 1205 modo
644 1163 835 1205 caeruleo
858 1163 1036 1205 nitidum
1061 1171 1187 1219 caput
1210 1179 1334 1207 exere
1357 1171 1500 1220 ponto,

384 1220 488 1270 iam,
514 1218 713 1269 Galatea,
738 1219 854 1268 veni,
878 1234 955 1261 nec
978 1234 1153 1262 munera
1177 1220 1344 1276 despice
1367 1220 1530 1263 nostrai

387 1283 498 1318 certe
523 1289 603 1331 ego
626 1290 694 1317 me
718 1275 816 1316 novi
839 1275 1107 1329 liquidaeque
1130 1276 1174 1317 in
1196 1276 1380 1332 imagine
1403 1276 1490 1319 vidi

295 1347 362 1378 840
383 1346 520 1387 nuper
544 1345 697 1386 aquae,
721 1331 961 1386 placuitque
985 1332 1088 1373 mihi
1112 1347 1207 1374 mea
1229 1332 1366 1374 forma
1388 1332 1562 1376 videnti.

385 1388 546 1443 aspice,
571 1387 649 1429 sim
673 1395 869 1441 quantus.
927 1402 1012 1429 non
1036 1394 1100 1430 est
1121 1388 1202 1430 hoc
1226 1402 1399 1444 corpore
1423 1390 1557 1432 maior

383 1444 576 1499 Iuppiter
598 1443 641 1485 in
666 1444 781 1485 caelo
805 1443 922 1497 (nam
947 1458 1022 1500 vos
1045 1459 1214 1486 narrare
1238 1445 1379 1486 soletis

383 1500 526 1542 nescio
550 1514 677 1554 quem
700 1514 876 1555 regnare
901 1500 1085 1554 Iovem):
1110 1514 1231 1542 coma
1253 1500 1434 1556 plurima
1456 1506 1598 1543 torvos

383 1556 592 1612 prominet
614 1556 658 1597 in
682 1556 843 1605 vultus,
868 1570 1132 1610 umerosque,
1157 1563 1204 1598 ut
1226 1556 1368 1605 lucus,
1393 1556 1633 1600 obumbrat.

293 1627 358 1659 845
383 1627 462 1654 nec
485 1627 580 1654 mea
604 1612 719 1666 quod
742 1612 887 1667 rigidis
912 1612 1082 1654 horrent
1106 1612 1354 1654 densissima
1376 1612 1502 1655 saetis

384 1683 579 1724 corpora,
604 1675 726 1724 turpe
750 1676 865 1723 puta.
924 1668 1058 1724 turpis
1083 1669 1171 1711 sine
1195 1668 1416 1711 frondibus
1440 1668 1585 1718 arb0r3

383 1725 517 1780 turpis
543 1739 697 1779 equus,
721 1724 802 1766 nisi
826 1725 933 1766 colla
955 1725 1080 1767 iubae
1103 1725 1301 1767 flaventia
1323 1725 1482 1776 velent3

382 1781 528 1836 pluma
551 1781 656 1836 tegit
679 1781 890 1830 volucres3
916 1781 1064 1822 ovibus
1089 1796 1166 1822 sua
1188 1781 1285 1823 lana
1308 1781 1449 1824 decori
1472 1787 1555 1823 est:

383 1837 516 1879 barba
540 1837 650 1878 viros
673 1836 890 1891 hirtaeque
915 1837 1064 1878 decent
1086 1837 1130 1878 in
1154 1851 1327 1892 corpore
1352 1844 1505 1880 saetae.

292 1907 359 1938 850
384 1908 517 1935 unum
542 1900 604 1935 est
628 1893 670 1934 in
695 1892 834 1935 media
856 1893 999 1934 lumen
1022 1892 1125 1934 mihi
1148 1892 1305 1943 fronte,
1329 1893 1404 1935 sed
1426 1893 1558 1935 instar

381 1949 564 2004 ingentis
590 1948 724 2004 clipei.
784 1948 910 2002 quid?
936 1963 1020 1990 non
1044 1948 1148 1991 haec
1172 1948 1313 1991 omnia
1335 1963 1515 2005 magnus

383 2004 460 2048 Sol
484 2005 597 2047 videt
621 2020 644 2047 e
669 2005 809 2046 caelo?
869 2003 959 2047 Soli
983 2012 1124 2046 tamen
1147 2005 1297 2047 unicus
1321 2005 1447 2047 orbis.

383 2061 511 2111 adde,
535 2061 649 2115 quod
672 2060 715 2102 in
740 2067 878 2102 vestro
901 2061 1066 2116 genitor
1088 2076 1208 2103 meus
1233 2075 1414 2115 aequore
1437 2068 1605 2116 regnat:

382 2117 494 2159 hunc
518 2117 595 2158 tibi
620 2117 673 2158 do
698 2131 902 2159 socerum.
961 2123 1123 2158 tantum
1146 2117 1343 2160 miserere
1365 2131 1595 2173 precesque

290 2187 356 2219 855
381 2173 581 2239 supplicis
606 2173 779 2215 exaudi:
804 2173 880 2214 tibi
904 2173 1015 2215 enim
1039 2173 1351 2215 succumbimus
1375 2173 1462 2216 uni.
1528 2207 1542 2223 s

381 2244 538 2284 quique
562 2229 709 2272 Iovem
733 2236 775 2271 et
798 2230 960 2271 caelum
986 2244 1137 2284 sperno
1162 2237 1204 2271 et
1226 2229 1485 2285 penetrabile
1508 2229 1687 2281 fulmen,

379 2286 527 2336 Nere‘i',
552 2293 594 2328 te
618 2300 783 2327 vereor:
809 2293 883 2327 tua
905 2285 1081 2328 fulmine
1106 2285 1268 2327 saevior
1291 2286 1353 2328 ira
1376 2293 1451 2328 est.

380 2349 506 2396 atque
531 2356 610 2397 ego
636 2349 901 2397 contemptus
926 2357 1059 2384 essem
1083 2342 1308 2397 patientior
1330 2341 1468 2392 huius,

380 2398 415 2439 si
440 2398 609 2454 fugeres
633 2412 791 2439 omnes.
852 2398 926 2440 sed
951 2413 1025 2440 cur
1049 2396 1236 2454 Cyclope
1259 2399 1428 2454 repulso

288 2468 356 2500 860
381 2455 493 2496 Acin
518 2469 653 2503 amas,
678 2454 949 2509 praefersque
973 2454 1077 2496 meis
1102 2455 1365 2510 amplexibus
1387 2454 1525 2497 Acin?

379 2511 449 2552 ille
473 2519 614 2552 tamen
637 2511 884 2566 placeatque
910 2510 989 2552 sibi
1013 2511 1260 2566 placeatque
1282 2510 1437 2561 licebit,

379 2567 493 2621 quod
516 2567 690 2616 nollem,
717 2565 915 2616 Galatea,
940 2566 1029 2608 tibi.
1086 2567 1212 2608 modo
1236 2567 1357 2622 copia
1380 2567 1520 2610 detur:

379 2623 529 2665 sentiet
553 2638 644 2665 esse
668 2622 769 2664 mihi
793 2630 909 2664 tanto
932 2637 1008 2678 pro
1033 2637 1207 2678 corpore
1231 2622 1358 2665 vires!

379 2679 540 2721 viscera
562 2679 660 2721 viva
682 2679 864 2729 traham,
890 2679 1137 2733 divulsaque
1161 2679 1351 2722 membra
1372 2693 1448 2735 per
1471 2692 1594 2735 agros

286 2747 353 2779 865
377 2749 537 2790 perque
560 2742 654 2777 tuas
679 2750 877 2790 spargam
899 2759 956 2765 —
980 2735 1039 2777 sic
1063 2750 1108 2777 se
1131 2735 1208 2777 tibi
1231 2734 1422 2777 misceatl
1445 2758 1503 2766 -
1524 2734 1674 2778 undas.

378 2805 477 2833 uror
500 2791 631 2841 enim,
654 2791 878 2846 laesusque
903 2798 1119 2834 exaestuat
1143 2791 1279 2834 acrius
1302 2791 1426 2847 ignis,

1774 0 1786 39 -ffl
