1786 3242
237 415 307 446 645

214 668 216 672 >
236 693 307 724 (350

236 973 306 1004 ‹655

237 1254 307 1286 660

237 1535 307 1566 665

237 1815 307 1846 670

237 2094 305 2125 675

236 2372 307 2404 680

238 2650 305 2681 685

331 254 416 298 250
774 261 818 296 Ρ.
845 261 1010 297 OVIDII
1033 259 1250 297 NASONIS

331 345 456 388 corbe
480 343 594 393 tulit,
617 341 790 397 verique
814 341 895 383 fuit
918 340 1111 384 messoris
1134 340 1294 398 imago!

331 411 521 456 tempora
544 413 669 454 saepe
694 412 846 454 gerens
870 397 994 440 faeno
1019 397 1195 454 religata
1217 397 1375 440 recenti

332 458 547 499 desectum
570 461 733 510 poterat
755 468 931 509 gramen
954 468 1143 496 versasse
1167 453 1311 497 videri.

331 527 456 568 saepe
479 526 608 553 manu
632 510 823 553 stimulos
846 509 983 575 rigida
1005 510 1218 565 portabat,
1242 517 1291 552 ut
1312 509 1432 552 illum

330 569 489 611 iurares
512 567 646 610 fessos
670 566 795 608 modo
819 565 1070 608 disiunxisse
1092 566 1306 609 iuvencos.

330 625 439 667 falce
463 622 562 666 data
584 622 802 664 frondator
825 629 914 665 erat
937 622 1118 676 vitisque
1142 629 1330 678 putator3

330 681 523 723 induerat
547 679 699 722 scalas:
723 680 930 721 lecturum
954 692 1080 733 poma
1102 686 1284 734 putares.

331 737 450 778 miles
475 743 564 778 erat
587 735 741 791 gladio,
765 735 947 791 piscator
970 734 1203 778 harundine
1227 741 1407 790 sumpta.

332 793 513 847 denique
536 807 612 848 per
635 791 789 833 multas
812 791 973 833 aditum
997 791 1077 833 sibi
1101 805 1226 846 saepe
1250 790 1408 846 figuras

330 849 533 904 repperit,
558 856 605 890 ut
629 854 796 903 caperet
819 854 1031 912 spectatae
1055 847 1212 902 gaudia
1234 846 1407 890 formae.

333 905 403 947 ille
428 905 554 947 etiam
577 904 690 960 picta
712 903 929 946 redimltus
954 910 1142 958 tempora
1164 903 1301 952 mitra,

330 961 511 1003 innitens
534 960 700 1010 baculo,
724 959 868 1015 positis
893 959 947 1001 ad
970 966 1160 1015 tempora
1184 959 1313 1009 canis,

331 1016 591 1059 assimulavit
615 1031 742 1074 anum
766 1015 984 1070 cultosque
1008 1016 1178 1057 intravit
1201 1015 1246 1057 in
1269 1015 1412 1058 hortos

331 1087 540 1129 pomaque
564 1072 713 1114 mirata
737 1079 800 1115 est
824 1076 959 1113 ‘tanto
969 1071 1064 1126 ’que
1090 1070 1356 1128 ‘potentior-1⁹
1380 1071 1518 1127 inquit

331 1143 550 1184 paucaque
574 1129 768 1171 laudatae
794 1128 909 1170 dedit
933 1128 1095 1178 oscula,
1120 1128 1260 1182 qualia
1282 1142 1515 1182 numquam

332 1200 433 1228 vera
457 1185 640 1227 dedisset
663 1199 788 1234 anus,
813 1184 1048 1239 glaebaque
1072 1184 1247 1226 incurva
1269 1183 1436 1234 resedit,

332 1240 564 1296 suspiciens
588 1240 750 1295 pandos
774 1240 965 1282 autumni
987 1240 1172 1295 pondere
1196 1255 1345 1282 ramos.

330 1298 469 1339 ulmus
493 1303 582 1339 erat
606 1303 751 1337 contra
774 1296 963 1351 speciosa
985 1296 1214 1338 nitentibus
1238 1297 1332 1339 uvis
1340 1313 1352 1346 3

334 1367 462 1407 quam
486 1352 598 1395 socia
621 1359 843 1407 postquam
866 1352 1022 1407 pariter
1045 1367 1142 1395 cum
1164 1353 1249 1396 vite
1271 1352 1487 1408 probavit„

335 1413 397 1451 ‘at
422 1409 458 1451 si
483 1408 628 1450 staret’
654 1408 712 1450 ait
736 1408 921 1451 ‘caelebs
945 1408 1035 1451 sine
1058 1408 1229 1463 palmite
1251 1415 1439 1459 truncus,

332 1465 391 1506 nil
415 1471 580 1520 praeter
602 1464 792 1514 frondes,
817 1478 957 1518 quare*
970 1471 1194 1520 peteretur,
1217 1464 1404 1507 haberet.

332 1521 436 1563 haec
461 1535 646 1576 quoque,
672 1535 780 1575 quae
805 1520 947 1562 iuncta
971 1529 1047 1570 est,
1071 1521 1167 1562 vitis
1191 1520 1415 1575 requiescit
1437 1520 1482 1563 in
1503 1521 1595 1563 illo:

332 1578 368 1618 si
391 1591 477 1619 non
499 1584 632 1632 nupta
656 1576 782 1626 foret,
807 1584 942 1618 terrae
966 1577 1170 1618 acclinata
1192 1576 1359 1620 iaceret.

332 1640 379 1674 tu
403 1641 545 1675 tamen
569 1633 761 1688 exemplo
785 1647 870 1674 non
894 1632 1078 1688 tangeris
1103 1633 1262 1675 arboris
1286 1632 1411 1675 huius

333 1689 665 1743 concubitusque
689 1688 803 1744 fugis
827 1703 905 1730 nec
929 1696 970 1731 te
995 1689 1250 1744 coniungere
1275 1703 1409 1731 curas.

332 1753 459 1799 atque
483 1745 644 1786 utinam
666 1744 814 1787 velles!
851 1745 1016 1787 Helene
1040 1759 1124 1786 non
1146 1745 1336 1800 pluribus
1360 1751 1472 1787 esset

332 1801 551 1843 sollicitata
574 1801 730 1856 procis,
755 1815 834 1843 nec
857 1814 966 1854 quae
990 1800 1216 1856 Lapitheia
1239 1801 1371 1843 movit

330 1857 505 1912 proelia,
530 1871 608 1898 nec
631 1856 813 1898 coniunx
836 1856 1011 1899 nimium
1035 1857 1236 1899 tardantis
1260 1856 1414 1899 Ulixis.

330 1927 443 1955 nunc
466 1927 654 1967 quoque,
680 1927 777 1954 cum
800 1912 940 1967 fugias
965 1913 1251 1967 averserisque
1275 1920 1477 1968 petentes,

330 1969 443 2010 mille
467 1968 547 2010 viri
570 1968 746 2023 cupiunt
769 1975 810 2011 et
835 1968 1092 2023 semideique
1116 1969 1268 2022 deique

331 2032 373 2066 et
397 2038 687 2078 quaecumque
710 2031 854 2066 tenent
876 2025 1068 2066 Albanos
1092 2025 1266 2066 numina
1290 2031 1465 2067 montes.

332 2080 406 2123 sed
430 2087 477 2122 tu
502 2080 536 2121 si
562 2081 717 2135 sapies,
743 2080 779 2122 si
804 2087 844 2123 te
869 2080 977 2123 bene
1001 2080 1175 2136 iungere
1199 2095 1410 2134 anumque

330 2136 440 2178 hanc
466 2136 610 2178 audire
634 2136 769 2186 voles,
794 2150 903 2190 quae
928 2143 969 2179 te
992 2137 1088 2191 plus
1113 2137 1307 2179 omnibus
1331 2136 1426 2186 illis,

329 2193 424 2247 plus
450 2206 577 2246 quam
601 2192 754 2241 credis,
779 2206 888 2242 amo,
913 2193 1108 2248 vulgares
1132 2193 1242 2235 reice
1266 2193 1424 2243 taedas,

329 2248 698 2302 Vertumnumque
722 2248 802 2289 tori
827 2248 984 2290 socium
1009 2248 1085 2289 tibi
1109 2248 1259 2304 selige:
1285 2263 1360 2304 pro
1384 2262 1469 2303 quo

329 2319 397 2346 me
423 2318 591 2358 quoque
613 2304 768 2359 pignus
792 2304 915 2346 habe.
962 2318 1100 2359 neque
1124 2305 1236 2347 enim
1260 2305 1340 2346 sibi
1362 2304 1500 2346 notior
1521 2304 1591 2347 ille
1616 2311 1693 2354 est,

331 2373 458 2413 quam
482 2360 597 2401 mihi.
656 2374 735 2403 nec
759 2360 916 2415 passim
940 2367 1027 2402 toto
1051 2375 1186 2416 vagus
1211 2369 1322 2403 errat
1343 2360 1387 2403 in
1410 2361 1525 2411 orbe,
1549 2384 1607 2391 —

329 2415 434 2458 haec
459 2416 550 2458 loca
574 2416 663 2458 sola
685 2416 784 2458 colit
806 2439 864 2446 ——
886 2431 964 2459 nec
987 2416 1049 2458 uti
1072 2431 1168 2472 pars
1192 2431 1346 2473 magna
1368 2430 1607 2472 procorum,

329 2485 434 2525 quas
458 2472 583 2513 modo
608 2472 731 2522 vidit,
756 2479 880 2514 amat.
940 2479 986 2514 tu
1010 2473 1170 2528 primus
1195 2480 1237 2515 et
1259 2473 1431 2515 ultimus
1454 2472 1517 2514 illi

329 2527 454 2568 ardor
477 2528 577 2577 eris,
603 2528 765 2582 solique
790 2543 887 2570 suos
912 2528 989 2570 tibi
1013 2529 1193 2571 devovet
1217 2543 1363 2571 annos.

330 2583 457 2633 adde,
483 2583 597 2637 quod
621 2592 684 2626 est
706 2584 889 2634 iuvenis,
913 2584 1027 2639 quod
1051 2585 1239 2627 naturale
1263 2584 1424 2627 decoris

330 2654 483 2680 munus
508 2639 635 2682 habet
658 2640 898 2694 formasque
923 2647 1019 2695 apte
1043 2640 1226 2696 fingetur
1249 2641 1292 2682 in
1316 2655 1476 2691 omnes,

329 2701 370 2736 et
394 2694 508 2748 quod
531 2695 610 2737 erit
632 2696 790 2746 iussus,
814 2696 960 2738 iubeas
988 2696 1087 2738 licet
1110 2697 1269 2746 omnia,
1292 2696 1377 2739 fiet.

328 2750 450 2803 quid,
475 2751 587 2804 quod
612 2751 759 2793 amatis
784 2752 921 2795 idem?
951 2752 1078 2806 quod,
1104 2766 1212 2807 quae
1237 2752 1314 2794 tibi
1337 2766 1463 2808 poma
1486 2753 1692 2803 coluntur,
