1774 3256
334 242 826 282 METAMORPHOSEON
839 243 951 280 ·L1B.
974 243 1024 280 11.
1049 243 1243 280 218—305.
1421 232 1479 276 25

181 335 184 338 ’
240 348 244 356 ·
275 357 283 362 -
312 325 586 377 contrahitur,
611 326 832 382 siccaeque
857 333 921 370 est
945 340 1120 383 campus
1143 325 1340 375 harenae,

190 405 208 427 s
242 381 372 426 modo
394 389 549 440 pontus
573 390 682 433 erat3
706 397 899 439 quosque
922 383 1055 426 altum
1079 390 1242 427 texerat
1265 396 1436 439 aequor,

314 447 482 483 montes
506 446 549 483 et
571 454 740 496 sparsas
764 438 978 497 Cycladas
1002 448 1175 497 augent.

187 502 190 503 ’
211 503 365 557 potunt
386 496 544 553 pisces,
567 511 648 540 nec
671 511 718 539 se
741 511 870 553 super
893 511 1079 552 aequora
1102 497 1222 541 curvi
1503 511 1573 545 265

138 596 150 604 „
180 603 189 610 ἦ
239 575 246 589 -.
276 561 502 603 consuetas
525 553 684 596 audent
707 553 928 610 delphines
951 554 994 596 in
1019 569 1158 597 auras.

93 621 109 639 *ἶ
135 614 155 662 ζ.Ϊ
169 622 196 660 ’-.ῑ
219 632 225 646 ⁴
267 632 270 646 ⁵
305 609 540 667 phocarum
563 624 730 654 summo
752 610 953 667 resupina
1005 611 1188 654 rofundo

132 676 175 723 f
230 687 263 704 ιι·
285 674 349 711 ta
369 674 531 710 natant.
587 667 731 724 ipsum
753 681 925 722 quoque
947 626 1090 710 hlei-ea
1111 667 1227 710 fama
1250 677 1314 712 est

138 764 161 778 ,Ι
191 722 215 774 ‚⁶
281 738 357 767 ue
380 730 424 767 et
445 731 568 767 natas
589 723 744 779 tepidis
766 723 941 767 latuisse
966 724 1047 766 sub
1071 725 1215 768 antris.

182 778 414 838 'Neptunus
437 780 560 836 aquis
584 794 682 823 cum
705 787 827 823 torvo
851 780 1050 823 bracchia
1072 781 1196 824 vultu
1505 796 1575 830 270

32 883 36 888 ,
78 884 86 898 1
126 884 144 899 Ψ
221 859 235 874 ⁷·
264 858 274 875 ι
302 851 432 880 ausus
456 844 566 881 erat:
590 843 655 880 ter
677 851 764 879 non
786 837 883 880 tulit
906 838 1015 880 ae’ris
1039 838 1174 895 ignes.
1554 870 1557 873 «

131 904 135 912 “
240 900 384 938 tamen
406 893 574 945 Tellus,
597 900 646 936 ut
668 901 759 937 erat
781 894 1043 937 circumdata
1065 902 1210 951 ponto,

86 963 110 983 ⁴³
206 976 208 978 -
237 965 373 1007 aquas
395 950 538 1008 pelagi
561 957 885 1006 contractosque
907 951 1096 1007 undique
1120 952 1273 1004 fontes,

35 1011 37 1014 '
107 1034 123 1058 μ
143 1017 175 1041 ϊῑ
203 1021 251 1052 ιο
273 1007 549 1052 condiderant
570 1008 616 1050 in
639 1022 799 1064 opacae
822 1007 987 1051 viscera
1010 1009 1171 1060 matris,

33 1075 53 1112 'fr
100 1065 159 1116 -Ϊῗγ
180 1085 214 1099 ε’
243 1064 276 1108 ‘t
298 1079 524 1122 oppressos
547 1065 655 1108 collo
679 1072 803 1107 tenus
827 1065 946 1108 arida
969 1066 1113 1108 vultus
1505 1081 1574 1113 275

176 1144 181 1159 ι
202 1143 208 1159 ³
227 1143 232 1159 2
252 1121 387 1178 ‘tque
408 1137 583 1165 manum
605 1121 735 1164 fronti
757 1136 999 1178 magnoque
1023 1130 1206 1166 tremore

189 1178 234 1215 0⁰v
270 1179 516 1222 concutiens
537 1179 715 1236 paulum
738 1179 930 1222 subsedit
953 1186 996 1222 et
1018 1179 1144 1230 infra,

149 1257 152 1264 ·
188 1255 224 1274 m
258 1235 366 1280 solet
387 1250 500 1287 esse,
523 1236 625 1287 fuit,
649 1250 855 1291 sacraque
878 1236 938 1279 ita
960 1251 1066 1280 voce
1088 1237 1230 1280 locuta
1254 1244 1337 1281 est:

38 1327 40 1329 .
92 1292 165 1337 ,ζῖἰι
183 1292 325 1351 placet
347 1291 449 1344 hoc,
472 1293 714 1348 meruique,
738 1293 843 1348 quid
867 1307 893 1335 o
917 1301 991 1337 tua
1013 1294 1194 1338 fulmina
1218 1302 1398 1346 cessant,

130 1357 189 1386 *m
229 1363 272 1393 e
294 1349 448 1393 deum?
468 1349 595 1393 liceat
616 1348 828 1406 periturae
853 1350 1015 1393 viribus
1037 1351 1149 1407 ignis
1505 1366 1576 1399 280

24 1452 28 1455 Α
85 1404 206 1475 {Quo
227 1406 365 1464 perire
386 1413 470 1450 tuo
485 1407 735 1462 clademque
757 1414 930 1450 auctore
952 1407 1113 1451 levare!

23 1501 38 1524 z
81 1474 89 1523 ’ς
105 1475 183 1508 ux
203 1462 404 1520 equidem
425 1463 573 1507 fauces
595 1463 704 1507 haec
725 1464 819 1520 ipsa
842 1465 887 1506 in
911 1465 1042 1508 verba
1064 1465 1249 1508 resolvo’
1273 1490 1332 1498 —

19 1526 35 1574 s
87 1532 110 1559 -’
249 1527 317 1571 rat
339 1535 416 1564 ora
437 1535 571 1577 vapor
591 1544 651 1552 —
674 1525 825 1563 ‘tostos
850 1536 904 1564 en
927 1522 1070 1578 aspice
1095 1523 1245 1572 crines,

78 1579 104 1621 ’ἶ
150 1591 236 1633 que
259 1577 393 1621 oculis
415 1584 601 1628 tantum,
625 1584 792 1620 tantum
815 1593 944 1634 super
967 1593 1042 1621 ora
1064 1578 1255 1623 favillae!

30 1650 33 1685 ζ
83 1631 240 1681 :hosne
262 1633 368 1691 mihi
391 1633 576 1686 fructus,
599 1634 714 1677 hunc
737 1635 965 1678 fertilitatis
989 1635 1194 1679 honorem
1505 1651 1575 1685 285

30 1691 32 1698 ”
77 1689 322 1747 officiique
344 1691 499 1742 refers,
522 1691 639 1747 quod
662 1691 818 1734 adunci
840 1692 1017 1735 vulnera
1040 1693 1169 1735 aratri

22 1774 25 1786 ÷
77 1766 85 1803 j
102 1754 422 1804 :utrorumque
443 1747 537 1791 fero
559 1754 734 1803 totoque
758 1763 958 1792 exerceor
982 1764 1107 1800 anno,

29 1816 33 1822 ²
74 1804 223 1862 ,quod
242 1804 387 1862 pecori
409 1803 602 1856 frondes,
626 1805 911 1861 alimentaque
934 1806 1054 1849 mitia
1075 1807 1222 1863 fruges

23 1863 28 1887 ³
68 1858 292 1911 humano
313 1862 480 1919 generi,
503 1861 625 1905 vobis
648 1876 820 1918 quoque
843 1871 940 1906 tura
961 1863 1178 1906 ministro?

26 1935 28 1938 ’
65 1926 78 1946 ³
94 1917 181 1967 nod
202 1924 345 1963 tamen
367 1919 545 1963 exitium
566 1918 638 1962 fac
659 1934 729 1962 me
751 1920 976 1963 meruisse:
1001 1921 1104 1976 quid
1127 1921 1283 1973 undae,
1504 1937 1575 1970 290

38 1990 55 2011 1
81 1975 211 2033 qmd
232 1975 388 2020 meruit
409 1975 566 2020 frater?
589 1990 666 2019 cur
687 1976 749 2019 illi
771 1977 927 2020 tradita
951 1985 1062 2021 sorte

26 2078 27 2081 ,
74 2045 76 2047 ’
104 2043 293 2090 aequora
315 2032 566 2077 decrescunt
588 2040 632 2076 et
655 2033 710 2076 ab
734 2034 904 2077 aethere
927 2034 1096 2091 longius
1121 2035 1302 2084 absunt?

66 2118 78 2141 3
96 2088 257 2147 quodsi
278 2104 359 2134 nec
381 2089 525 2134 fratris
547 2105 628 2134 nec
651 2098 694 2133 te
716 2105 814 2134 mea
836 2091 976 2147 gratia
998 2092 1150 2148 tangit,

67 2151 87 2188 s-
100 2152 151 2194 u
171 2146 280 2190 caeli
301 2146 502 2191 miserere
525 2147 602 2190 tui.
660 2147 938 2204 circumspice
961 2155 1209 2204 utrumque:

23 2221 42 2262 3
69 2215 70 2218 ’
89 2200 242 2254 {finum
262 2210 442 2260 uterque
465 2204 602 2261 polus.
660 2218 768 2260 quos
792 2205 828 2247 si
852 2205 1063 2248 vitiaverit
1086 2206 1214 2262 ignis,
1504 2220 1572 2254 295

18 2281 28 2301 f
62 2259 213 2328 ..⁵52-
234 2267 376 2304 vestra
397 2268 536 2304 ruent.
593 2261 720 2304 Atlas
744 2276 798 2304 en
821 2262 912 2318 ipse
935 2262 1102 2305 laborat

19 2327 36 2371 ς’
70 2318 261 2373 {vixque
285 2317 374 2361 suis
396 2318 555 2362 umeris
579 2318 831 2362 candentem
856 2319 1035 2362 sustinet
1059 2334 1196 2362 axem.

17 2399 32 2404 ·
73 2372 143 2423 gni
161 2372 292 2426 fieta,
316 2374 354 2418 si
376 2381 514 2419 terrae
537 2382 735 2432 pereunt,
760 2376 796 2418 si
820 2376 938 2432 regia
962 2376 1082 2426 caeli,

16 2458 30 2477 ;
171 2430 301 2475 chaos
323 2431 546 2488 antiquum
569 2432 882 2475 confundimur.
942 2432 1057 2490 eripe
1081 2433 1276 2483 flammis,

22 2487 32 2513 s
74 2486 142 2541 {ji
163 2487 268 2544 quid
291 2488 432 2543 adhuc
454 2504 506 2532 su
537 2496 666 2538 erest,
692 2496 734 2532 et
757 2504 899 2532 rerum
923 2490 1097 2533 consule
1120 2489 1350 2533 summael’
1501 2505 1573 2538 800

16 2574 19 2576 -
77 2541 269 2590 *flixerat
290 2544 397 2589 haec
419 2545 459 2588 T
515 2560 586 2588 us:
611 2560 751 2601 neque
775 2546 888 2588 enim
911 2546 1091 2590 tolerare
1115 2561 1318 2604 vaporem

75 2600 279 2705 Qus
302 2601 442 2659 potuit
463 2616 544 2645 nec
568 2601 708 2645 dicere
730 2603 874 2659 pluraz
899 2617 1110 2658 suumque

15 2656 22 2668 '
131 2667 134 2669 ’
230 2658 265 2702 it
286 2673 335 2702 os
358 2659 402 2702 in
426 2674 473 2703 se
495 2659 778 2716 propioraque
794 2659 1002 2704 Manibus
1024 2668 1159 2703 antra.

14 2746 23 2768 -,
68 2719 149 2764 [lt
162 2722 291 2783 pater
313 2715 599 2773 omnipotens,
624 2730 801 2773 superos
825 2723 1003 2760 testatus
1027 2725 1070 2760 et
1092 2718 1235 2774 ipsum

14 2786 19 2803 ἑ
71 2772 178 2829 ῃιιι
200 2771 375 2818 dederat
398 2787 566 2826 currus,
590 2773 672 2816 nisi
696 2787 822 2830 opem
845 2773 973 2826 ferat,
997 2774 1138 2818 omnia
1161 2775 1250 2818 fato
1499 2788 1570 2821 305
