1774 3256
305 245 361 288 58
747 255 779 289 P
818 252 983 291 0V1D11
1006 252 1222 290 NASONIS

306 335 510 377 audacem
534 335 716 377 faciebat
739 349 868 377 amor.
927 334 1040 377 venit
1064 350 1161 378 ecce
1185 336 1342 378 recenti

306 391 435 434 caede
458 392 606 434 leaena
629 391 758 433 boum
782 399 1025 446 spumantes
1050 391 1180 433 oblita
1203 392 1346 443 rictus,

306 447 550 503 depositura
574 447 683 489 sitim
708 447 834 489 vicini
858 447 986 490 fontis
1010 447 1054 489 in
1078 449 1204 489 unda.

306 518 435 558 quam
458 504 604 559 procul
629 504 683 545 ad
705 505 831 546 lunae
855 504 994 546 radios
1018 504 1256 559 Babylonia
1279 503 1437 547 Thisbe

217 574 283 605 100
306 560 430 609 vidit,
454 567 497 602 et
520 560 747 601 obscurum
771 560 933 616 trepido
958 561 1065 615 pede
1089 561 1200 616 fugit
1222 561 1266 602 in
1289 568 1471 612 antrum,

307 617 493 670 dumque
517 616 647 672 fugit,
673 624 792 672 tergo
815 617 1025 659 velamina
1046 617 1167 672 lapsa
1189 617 1369 671 reliquit.

306 680 351 715 ut
375 673 442 714 lea
466 687 593 714 saeva
617 672 726 714 sitim
752 674 883 714 multa
907 674 1162 729 compescuit
1186 673 1313 723 unda,

307 729 410 770 dum
434 729 542 771 redit
563 729 608 770 in
632 729 777 779 silvas,
801 730 993 771 inventos
1017 730 1125 772 forte
1148 730 1238 773 sine
1262 730 1355 786 ipsa

307 800 379 827 ore
404 793 620 828 cruentato
644 794 792 828 tenues
815 786 990 828 laniavit
1013 787 1204 829 amictus.

217 855 282 887 105
308 841 439 884 serius
463 857 656 897 egressus
681 842 860 898 vestigia
883 842 987 885 vidit
1009 843 1053 884 in
1077 844 1161 885 alto

307 899 479 954 pulvere
505 906 620 940 certa
642 898 756 941 ferae
781 907 953 953 totoque
977 900 1179 954 expalluit
1202 914 1274 942 ore

306 955 531 1009 Pyramus.
590 961 638 996 ut
660 970 760 997 vero
785 963 944 997 vestem
969 969 1137 1010 quoque
1162 955 1366 1011 sanguine
1390 955 1564 999 tinctam

307 1011 510 1067 repperit,
535 1014 653 1052 “una
677 1011 815 1053 duos'’
839 1011 974 1065 inquit
998 1017 1115 1053 “nox
1139 1012 1287 1067 perdet
1310 1020 1515 1055 amantes:

308 1082 331 1110 e
355 1067 508 1122 quibus
532 1067 603 1109 illa
626 1068 706 1109 fuit
729 1068 856 1123 longa
879 1067 1124 1123 dignissima
1147 1067 1247 1117 vita,

219 1138 285 1169 110
307 1132 450 1165 nostra
473 1138 628 1165 nocens
654 1124 793 1165 anima
818 1131 892 1165 est.
951 1139 1031 1179 ego
1056 1133 1116 1173 te,
1141 1124 1391 1175 miseranda,
1415 1124 1587 1181 peremi,

307 1180 352 1221 in
375 1180 468 1222 loca
491 1180 617 1235 plena
639 1188 775 1222 metus
799 1180 872 1234 qui
895 1180 997 1221 iussi
1021 1189 1142 1222 nocte
1167 1181 1345 1229 venires,

307 1251 386 1278 nec
409 1236 523 1291 prior
545 1235 629 1278 huc
652 1236 761 1278 veni.
820 1245 1010 1277 nostrum
1035 1236 1218 1279 divellite
1243 1251 1395 1293 corpus

308 1300 351 1334 et
374 1293 575 1334 scelerata
598 1292 688 1334 fero
712 1293 944 1334 consumite
969 1292 1130 1335 viscera
1153 1308 1309 1343 morsu,

308 1363 334 1390 o
359 1349 614 1403 quicumque
638 1348 718 1390 sub
742 1348 821 1390 hac
846 1348 1044 1391 habitatis
1069 1364 1191 1404 rupe,
1216 1349 1378 1392 leones!

220 1420 284 1451 115
309 1405 383 1447 sed
406 1404 541 1446 timidi
567 1412 630 1446 est
653 1414 798 1460 optare
822 1419 968 1446 necem
978 1404 1001 1423 '’
1026 1428 1083 1435 —
1105 1405 1315 1448 velamina
1338 1405 1519 1450 Thisbes

308 1460 415 1503 tollit
440 1468 480 1503 et
505 1461 559 1502 ad
582 1470 730 1516 pactae
755 1475 898 1503 secum
922 1461 1003 1503 fert
1026 1461 1186 1503 arboris
1209 1462 1417 1505 umbram.

307 1525 440 1572 utque
465 1517 579 1560 dedit
601 1526 725 1559 notae
749 1517 961 1566 lacrimas,
987 1518 1102 1560 dedit
1125 1519 1269 1560 oscula
1291 1519 1412 1569 vesti,

309 1573 486 1629 “accipe
504 1574 649 1616 nunc''
674 1574 810 1627 inquit
834 1574 997 1615 “nostri
1016 1588 1183 1629 quoque
1203 1575 1419 1631 sanguinis
1437 1575 1666 1623 haustusl”

308 1644 477 1684 quoque
502 1638 591 1672 erat
615 1630 847 1679 accinctus,
873 1630 1039 1672 demisit
1061 1631 1105 1672 in
1128 1630 1200 1672 ilia
1217 1631 1395 1681 ferrum,

220 1701 285 1733 120
308 1700 387 1728 nec
411 1701 548 1736 mora,
573 1686 752 1729 ferventi
777 1686 957 1729 moriens
981 1701 1004 1729 e
1029 1687 1201 1729 vulnere
1225 1688 1365 1738 traxit,

309 1750 351 1785 et
373 1742 501 1784 iacuit
523 1743 743 1798 resupinus
766 1743 908 1784 humo.
968 1757 1090 1784 cruor
1113 1743 1265 1785 emicat
1288 1744 1384 1795 alte,

308 1813 394 1840 non
418 1799 537 1840 aliter
561 1813 688 1853 quam
713 1813 810 1840 cum
834 1799 979 1840 vitiato
1003 1799 1144 1840 fistula
1167 1799 1341 1855 plumbo

309 1854 512 1896 scinditur
536 1862 575 1897 et
600 1855 715 1896 tenui
739 1855 938 1897 stridente
962 1855 1166 1898 foramine
1189 1855 1337 1911 longas

308 1911 538 1953 eiaculatur
561 1925 692 1965 aquas
717 1919 843 1965 atque
866 1911 1018 1953 ictibus
1042 1915 1140 1954 aera
1162 1912 1332 1967 rumpit.

220 1982 283 2013 125
309 1967 472 2009 arborei
496 1967 607 2009 fetus
631 1967 851 2022 aspergine
876 1968 1015 2009 caedis
1040 1967 1083 2009 in
1107 1975 1240 2010 atram

308 2030 527 2064 vertuntur
549 2023 719 2073 faciem,
745 2023 1065 2078 madefactaque
1090 2024 1294 2080 sanguine
1318 2024 1439 2067 radix

306 2094 517 2134 purpureo
541 2079 694 2135 tinguit
717 2079 942 2135 pendentia
965 2094 1082 2122 mora
1106 2081 1256 2123 colore.
1280 2104 1339 2111 —

307 2150 405 2177 ecce
429 2143 544 2177 metu
567 2136 754 2177 nondum
779 2137 935 2191 posito,
959 2151 1013 2178 ne
1036 2136 1154 2178 fallat
1178 2144 1403 2186 amantem,

306 2191 378 2233 illa
402 2191 510 2233 redit
532 2192 810 2246 iuvenemque
836 2193 966 2234 oculis
990 2192 1215 2248 animoque
1238 2193 1425 2248 requirit,

218 2262 283 2295 130
307 2256 547 2302 quantaque
571 2248 709 2289 vitarit
734 2264 902 2290 narrare
925 2248 1112 2304 pericula
1134 2249 1273 2304 gestit.

305 2312 435 2358 utque
459 2305 598 2346 locum
623 2312 664 2347 et
687 2305 776 2346 visa
802 2305 1017 2360 cognoscit
1038 2305 1082 2347 in
1106 2305 1255 2348 arbore
1277 2305 1471 2355 formam,

306 2360 366 2402 sic
390 2360 491 2402 facit
514 2360 714 2403 incertam
739 2362 853 2416 pomi
878 2361 1009 2403 color:
1033 2362 1195 2411 haeret,
1220 2377 1275 2403 an
1298 2362 1403 2404 haec
1427 2362 1492 2404 sit.

305 2417 408 2457 dum
432 2417 614 2467 dubitat,
639 2417 916 2459 tremebunda
939 2418 1053 2459 videt
1075 2418 1243 2473 pulsare
1268 2426 1488 2460 cruentum

304 2473 494 2515 membra
518 2474 670 2522 solum,
694 2482 888 2528 retroque
912 2474 1064 2529 pedem
1088 2474 1200 2524 tulit,
1225 2488 1382 2529 oraque
1406 2474 1521 2517 buxo
1560 2475 1563 2477 ’

217 2543 280 2574 135
305 2529 524 2584 pallidiora
547 2544 697 2584 gerens
722 2530 935 2572 exhorruit
959 2530 1150 2585 aequoris
1173 2530 1317 2580 instar,

304 2585 419 2639 quod
442 2586 598 2635 tremit,
623 2586 777 2641 exigua
801 2601 897 2628 cum
921 2601 1133 2628 summum
1157 2586 1375 2642 stringitur
1397 2601 1514 2629 aura.

305 2641 378 2682 sed
402 2648 625 2696 postquam
649 2650 856 2684 remorata
879 2657 977 2685 suos
1002 2643 1200 2698 cognovit
1221 2656 1397 2693 amores,

303 2697 484 2752 percutit
506 2697 700 2753 indignos
724 2699 836 2740 claro
859 2699 1061 2755 plangore
1084 2699 1276 2749 lacertos,

299 2760 345 2795 et
368 2753 524 2795 laniata
548 2768 687 2796 comas
714 2755 990 2810 amplexaque
1015 2770 1165 2811 corpus
1190 2762 1378 2798 amatum
