1774 3256
302 245 797 285 METAMORPHOSEON
819 247 918 283 LIB.
942 247 973 283 Ι.
997 246 1191 284 650-737.

173 338 180 343 ⁴
253 345 256 347 “
325 329 464 373 deam.
522 330 608 373 ritu
632 344 803 386 quoque
827 330 966 374 cincta
987 329 1156 374 Dianae

135 381 212 506 ⁵⁵⁵,
230 417 245 440 ,
268 394 312 432 et
336 387 453 430 credi
475 395 621 454 posset
644 387 849 439 Latonia,
874 387 910 430 si
932 401 1019 430 non

217 442 364 490 ·Ῑιιιίο
387 458 530 495 arcus,
554 444 592 488 si
614 459 701 488 non
724 444 835 488 foret
857 459 1013 488 aureus
1035 444 1110 487 illi.

240 515 317 547 ue
338 500 529 545 fallebat.
587 501 835 546 redeuntem
859 501 966 544 colle
989 501 1164 558 Lycaeo

206 523 296 604 iſset
316 557 429 601 hanc
451 558 640 633 pinuque
664 566 793 615 caput
815 559 1082 616 praecinctus
1106 564 1232 602 acuta

162 613 317 661 verba
338 614 526 658 refert’.
565 646 577 658 .
623 615 812 659 restabat
835 615 967 658 verba
988 615 1161 666 referre,

212 670 324 715 ’bus
347 672 499 729 spretis
521 671 685 729 fugisse
708 686 786 729 per
809 671 905 714 avia
928 671 1175 728 nympham,

145 726 415 800 hez-enom
436 729 653 786 placidum
676 727 868 771 Ladonis
892 728 948 771 ad
972 743 1142 771 amnem

203 814 242 838 ,
264 784 336 829 hic
357 785 494 836 illam,
518 800 689 828 cursum
713 785 1044 842 impedientibus
1067 785 1207 836 undis,

197 849 431 934 nutent,
453 842 638 898 liquidas
662 857 806 885 orasse
829 856 1014 893 sorores3

252 913 389 944 eum
411 914 612 957 prensam
635 899 751 942 sibi
739 914 825 942 lam
850 898 1038 966 Syringa
1060 906 1243 956 putaret,

222 970 337 1025 pro
359 955 575 1024 nymphae
598 957 784 1000 calamos
807 956 995 999 tenuisse
1019 956 1248 1012 palustres3
1286 997 1292 1003 ,

233 1013 332 1057 ibi
354 1020 557 1072 suspirat,
580 1021 718 1057 motos
740 1013 786 1056 in
808 1012 1047 1056 harundine
1070 1021 1220 1056 ventos

237 1084 428 1114 sonum
450 1078 623 1114 tenuem
647 1071 912 1125 similemque
936 1071 1148 1125 querenti;

134 1139 285 1177 ιιοη
306 1127 509 1195 vocisque
532 1127 661 1171 deum
685 1127 909 1170 dulcedine
934 1134 1106 1183 captum

160 1183 299 1228 mihi
321 1184 548 1229 concilium
570 1185 743 1228 tecum’'
769 1184 961 1227 dixisse‘
966 1184 1214 1236 ‘manebit,’'

102 1291 113 1298 ⁵
175 1241 271 1287 ita
291 1241 532 1310 disparibus
556 1242 729 1285 calamis
754 1242 1005 1298 compagine
1030 1256 1152 1285 cerae

103 1301 125 1330 ἶ
142 1305 154 1310 ’
189 1312 238 1342 so
258 1297 413 1343 iunctis
435 1314 591 1342 nomen
615 1299 803 1342 tenuisse
826 1299 1007 1355 puellae.

165 1354 373 1403 dicturus
395 1355 500 1399 vidit
524 1354 746 1413 Cyllenius
769 1371 916 1399 omnes

90 1400 132 1450 ⁴³,
145 1411 333 1457 baisse
356 1413 522 1465 oculos,
546 1414 835 1470 adopertaque
857 1412 1019 1456 lumina
1043 1427 1206 1456 somno.

98 1468 283 1538 pmmt
305 1471 520 1528 extemplo
543 1485 691 1514 vocem
715 1471 940 1525 firmatque
965 1485 1175 1536 soporem,

171 1525 262 1570 ·da.
282 1528 550 1585 permulcens
572 1527 783 1570 medicata
804 1527 966 1569 lumina
989 1528 1130 1583 virga·

123 1598 298 1636 mora,
322 1584 480 1629 falcato
501 1591 721 1628 nutantem
746 1585 940 1628 vulnerat
963 1600 1078 1635 ense,

168 1641 277 1684 collo
301 1648 366 1685 est
388 1641 555 1685 confine
578 1649 725 1699 caput,
751 1655 939 1697 saxoque
964 1649 1188 1684 cruentum

154 1697 186 1741 t
208 1705 254 1743 et
273 1698 462 1742 maculat
495 1706 757 1812 qraeruptam
782 1698 989 1755 sanguine
1012 1714 1177 1755 rupem.

20 1666 22 1695 ι

20 1698 23 1744 l

20 1748 28 1779 Ι

20 1808 27 1822 “
272 1818 397 1864 «est,
420 1819 677 1868 centumque
701 1813 847 1856 oculos
870 1827 956 1854 nox
979 1820 1158 1879 occupat
1182 1828 1282 1855 una.

106 1863 214 1927 pit
227 1831 314 1912 hos
337 1869 604 1925 volucrisque
628 1884 732 1913 suae
757 1868 959 1913 Saturnia
982 1870 1132 1926 pennis

90 1922 126 1950 ³'
149 1946 156 1964 ι
176 1949 195 1962 ι·
258 1933 302 1971 et
322 1926 504 1994 gemmis
527 1926 709 1970 caudam
733 1926 1000 1970 stellantibus
1023 1927 1184 1983 implet.

97 1977 124 2017 ⁴
178 1997 248 2027 us
271 1982 429 2029 exarsit
449 1998 531 2028 nec
553 1991 746 2051 tempora
769 1983 967 2027 distulit
955 1999 1057 2033 1rae,

24 2072 35 2102 ⁵·
188 2054 390 2106 eramque
413 2040 548 2084 oculis
572 2041 798 2097 animoque
823 2040 978 2084 obiecit
1000 2040 1167 2097 Erinyn

26 2103 32 2106 '⁷
118 2094 470 2198 ‘dioisArgolicae
480 2097 793 2154 stimulosque
781 2114 826 2141 ιιι
848 2105 1020 2165 pectore
1044 2113 1193 2141 caecos

24 2153 31 2166 ⁶
99 2151 138 2209 s
224 2161 310 2199 tot
330 2155 560 2212 profugam
613 2171 659 2198 er
682 2163 817 2198 totum
840 2155 989 2198 terruit
1012 2155 1173 2198 orbem.

100 2211 445 2257 musimmenso
467 2219 580 2256 resta
612 2228 682 2280 αεὶ
702 2213 821 2263 Nile,
844 2212 994 2255 labori.

25 2273 32 2279 ”
100 2272 135 2304 ἵ.
152 2290 172 2305 ιι
207 2267 386 2313 simulac
408 2268 566 2326 tetigit,
590 2269 824 2337 positisque
847 2269 892 2312 in
916 2269 1108 2325 margine
1133 2269 1251 2326 ripae

144 2323 282 2370 Ι,διιίι
289 2325 492 2393 genibus
509 2327 795 2393 resupinoque
820 2326 954 2369 ardua
978 2327 1101 2377 collo,

138 2382 322 2450 potuit
343 2383 475 2434 solos,
499 2383 651 2427 tollens
675 2384 731 2426 ad
755 2383 893 2426 sidera
916 2383 1074 2434 vultus,

95 2438 282 2527 ¹gemitu
304 2446 348 2484 et
368 2439 552 2484 lacrimis
577 2448 620 2484 et
641 2440 850 2484 luctisono
873 2440 1041 2496 mugitu

26 2505 38 2552 3
137 2494 280 2540 Iove
302 2496 396 2540 visa
418 2497 539 2553 queri
561 2498 776 2553 finemque
799 2511 920 2540 orare
943 2498 1166 2540 malorum.

90 2542 196 2621 f⁵·
232 2553 341 2598 ille
365 2568 468 2598 suae
492 2554 740 2611 complexus
764 2554 874 2621 colla
895 2554 1078 2604 lacertis,

32 2611 41 2650 ἶ
151 2655 153 2657 ,
191 2617 242 2654 ut
263 2624 424 2686 poenas
447 2611 640 2662 tandem,
663 2615 837 2668 rogat,‘
843 2611 888 2653 in
897 2611 994 2666 ’que
1018 2610 1231 2654 ‘futurum

149 2667 344 2711 ·-metus'
367 2667 552 2724 inquit,‘
554 2682 789 2724 numquam
813 2667 891 2711 tibi
914 2683 1044 2711 causa
1068 2668 1225 2711 dolmis

144 2723 280 2768 erit’
304 2731 348 2768 et
371 2723 547 2783 Stygias
570 2725 690 2768 iubet
714 2725 796 2768 hoc
819 2725 966 2769 audire
989 2725 1183 2782 paludes.

21 2770 38 2819 '‘s
115 2750 253 2825 lenita
275 2781 357 2826 dea
380 2790 464 2834 est,
488 2782 632 2826 vultus
656 2783 768 2840 capit
790 2782 863 2826 illa
885 2782 1047 2840 priores

20 2864 101 2949 ⁵
38 2900 40 2903 Ι
88 2833 210 2891 ‘TW
217 2847 268 2878 vol.
280 2847 322 2878 H.
1175 2850 1199 2885 2

185 1755 355 1806 ‚iaces·
379 1769 524 1812 quoq
524 1770 580 1799 ue
602 1755 647 1798 in
670 1762 733 1798 tot
754 1755 917 1798 lumina
939 1755 1085 1798 lumen
1108 1755 1312 1807 habebas,

1379 238 1432 280 17

1459 400 1524 432 695

1459 685 1526 718 700

1460 971 1525 1003 705

1460 1257 1527 1289 710

1459 1542 1525 1574 715

1459 1827 1526 1859 720

1457 2113 1523 2144 725

1454 2397 1523 2429 730

1454 2681 1520 2715 735
