1774 3256
319 257 404 301 106
758 266 801 301 P.
829 263 994 302 0v1D11
1016 262 1232 301 NASONIS

777 410 930 446 LIBER
954 409 1217 448 SEPTIMUS.

319 515 497 568 Iamque
520 513 675 556 fretum
692 513 868 570 Minyae
884 513 1106 569 Pagasaea
1129 529 1272 570 puppe
1296 513 1508 566 secabant,
1523 513 1632 550 111⁸⁰¹²
1647 519 1680 549 εί

351 578 607 626 erpetuaque
631 570 800 612 trahens
824 570 994 625 inopem
1018 570 1098 612 sub
1121 580 1244 613 nocte
1268 578 1481 614 senectam
1530 560 1667 596 Hm

360 626 507 669 hineus
532 627 648 668 visus
673 634 780 677 erat,
803 627 1060 681 iuvenesque
1083 627 1297 682 Aquilone
1321 628 1448 671 creati

320 682 531 738 virgineas
554 683 745 725 volucres
769 683 911 725 miseri
936 684 1045 725 senis
1069 697 1140 725 ore
1163 683 1377 739 fugarant,

271 752 297 783 5
321 739 537 794 multaque
559 740 747 795 perpessi
770 740 882 781 claro
906 740 985 781 sub
1009 740 1161 782 Iasone
1184 740 1356 782 tandem

320 795 582 851 contigerant
605 795 773 851 rapidas
796 796 932 837 limosi
955 795 1152 838 Phasidis
1175 797 1324 838 undas.

322 851 507 906 dumque
532 852 686 894 adeunt
710 867 854 907 regem
876 852 1145 906 Phrixeaque
1169 853 1324 895 vellera
1346 859 1539 909 poscunt,

321 908 470 962 visque
495 908 618 950 datur
640 908 801 964 Minyis
825 923 1075 964 magnorum
1099 909 1308 951 horrenda
1330 909 1536 960 laborum,

322 965 504 1020 concipit
525 965 684 1007 interea
707 965 868 1006 validos
891 965 1064 1007 Aeetias
1088 965 1220 1021 ignes,

252 1033 298 1064 10
322 1028 364 1063 et
385 1021 544 1063 luctata
567 1021 659 1071 diu,
683 1028 907 1077 postquam
930 1021 1091 1064 ratione
1115 1022 1301 1064 furorem

321 1076 488 1119 vincere
512 1091 597 1118 non
619 1085 801 1132 poterat,
826 1078 1020 1128 ‘frustra,
1044 1078 1220 1128 Medea,
1244 1089 1477 1134 repugnas&

320 1133 463 1175 nescio
487 1133 582 1187 quis
606 1134 710 1175 deus
734 1134 890 1175 obstat’
916 1134 986 1175 ait.
1046 1135 1321 1189 ‘mirumque,
1346 1135 1426 1177 nisi
1450 1135 1530 1178 hoc
1553 1143 1617 1178 est

321 1196 395 1231 aut
418 1189 577 1243 aliquid
601 1197 713 1232 certe
738 1190 870 1232 simile
895 1190 1011 1241 huic,
1036 1191 1151 1245 quod
1175 1206 1315 1233 amare
1339 1198 1525 1234 vocatur.

320 1260 419 1287 nam
443 1259 518 1287 cur
540 1245 655 1288 iussa
677 1247 807 1301 patris
831 1247 1007 1288 nimium
1030 1247 1133 1288 mihi
1157 1247 1262 1289 dura
1285 1247 1503 1290 videntur?

255 1315 298 1346 15
324 1308 421 1343 sunt
444 1315 613 1356 quoque
638 1302 743 1344 dura
766 1303 903 1344 nimis.
962 1317 1049 1352 cur,
1074 1317 1201 1357 quem
1224 1304 1350 1346 modo
1374 1303 1556 1360 denique
1579 1305 1679 1355 vidi,

320 1372 373 1399 ne
397 1365 560 1413 pereat,
585 1358 738 1401 timeo?
761 1373 870 1413 quae
894 1359 999 1401 tanti
1023 1373 1151 1401 causa
1174 1360 1360 1402 timoris?

320 1421 470 1456 excute
494 1414 683 1469 virgineo
708 1422 931 1470 conceptas
945 1423 1123 1471 ,pectore
1146 1416 1363 1466 flammas?
1400 1436 1402 1438 ·

321 1470 357 1511 si
380 1477 519 1525 potes,
543 1470 702 1513 infelix.
717 1502 727 1512 .
742 1502 753 1512 .
802 1472 837 1513 si
860 1486 1045 1527 possem,
1071 1472 1210 1514 sanior
1233 1471 1387 1515 essem!

321 1526 395 1568 sed
418 1534 567 1582 gravat
589 1527 764 1569 invitam
788 1542 899 1569 nova
923 1528 1004 1579 vis3
1029 1528 1228 1583 aliudque
1252 1529 1419 1584 cupido,

250 1595 297 1627 20
319 1597 438 1624 mens
463 1583 577 1625 aliud
601 1584 761 1626 suadet.
821 1585 944 1626 video
967 1584 1139 1627 meliora
1161 1586 1397 1640 proboque:

321 1639 526 1681 deteriora
549 1654 713 1694 sequor.
773 1641 875 1694 quid
898 1641 942 1682 in
965 1641 1148 1696 hospite,
1173 1642 1290 1697 regia
1313 1642 1446 1698 virgo,

319 1695 452 1737 ureris
477 1703 518 1738 et
542 1696 748 1738 thalamos
772 1697 896 1739 alieni
920 1698 1103 1752 concipis
1129 1698 1267 1740 orbis?

319 1751 424 1793 haec
448 1766 615 1806 quoque
639 1760 750 1795 terra
773 1760 923 1808 potest,
948 1754 1061 1807 quod
1085 1769 1214 1804 ames,
1239 1754 1351 1796 dare.
1392 1754 1508 1797 vivat
1532 1770 1586 1798 an
1609 1755 1679 1798 ille

319 1808 500 1857 occidat,
524 1808 567 1850 in
592 1808 655 1850 dis
679 1816 754 1850 est.
812 1809 927 1851 vivat
950 1818 1091 1852 tamen
1098 1826 1110 1860 3
1133 1810 1261 1865 idque
1284 1811 1446 1866 precari

248 1877 294 1908 25
318 1864 386 1906 vel
409 1864 498 1906 sine
522 1879 663 1907 amore
686 1865 796 1907 licet.
855 1865 957 1920 quid
981 1866 1091 1907 enim
1115 1866 1320 1908 commisit
1344 1867 1497 1909 Iason?

320 1934 447 1974 quem
470 1921 551 1962 nisi
575 1921 786 1963 crudelem
809 1936 895 1963 non
919 1929 1065 1978 tangat
1087 1923 1250 1964 Iasonis
1274 1930 1389 1966 aetas

319 1985 360 2018 et
382 1991 517 2032 genus
542 1984 584 2019 et
607 1978 763 2019 virtus?
787 1992 914 2032 quem
938 1993 1042 2029 non,
1067 1986 1114 2020 ut
1138 1986 1276 2021 cetera
1299 1980 1449 2031 desint,

319 2046 390 2074 ore
414 2047 583 2075 movere
606 2034 768 2089 potest?
792 2042 903 2076 certe
927 2050 1021 2077 mea
1044 2042 1215 2090 pectora
1237 2036 1381 2078 movit.

319 2095 363 2130 at
385 2089 465 2130 nisi
489 2103 613 2144 opem
637 2090 789 2140 tulero,
815 2098 1030 2132 taurorum
1054 2091 1279 2133 adflabitur
1302 2107 1374 2136 ore

247 2157 295 2188 30
320 2154 621 2200 concurretque
644 2161 745 2188 suae
770 2147 922 2202 segeti,
947 2148 1094 2189 tellure
1119 2148 1268 2190 creatis

317 2200 526 2251 hostibus,
551 2210 623 2243 aut
647 2203 770 2244 avido
795 2203 963 2245 dabitur
986 2204 1076 2245 fera
1099 2204 1255 2259 praeda
1279 2205 1464 2248 draconi.

317 2257 398 2299 hoc
422 2272 501 2313 ego
527 2258 561 2299 si
584 2259 733 2314 patiar,
758 2268 849 2300 tum
872 2275 940 2302 me
965 2260 1016 2302 de
1040 2260 1191 2316 tigride
1214 2271 1370 2310 natam,

317 2320 407 2355 tum
430 2315 588 2356 ferrum
613 2322 654 2357 et
678 2316 871 2371 scopulos
895 2324 1061 2372 gestare
1084 2317 1127 2358 in
1152 2318 1275 2360 eorde
1298 2317 1476 2360 fatebor.

318 2384 393 2412 cur
415 2385 499 2412 non
524 2378 564 2413 et
588 2379 731 2427 specto
755 2380 1017 2427 pereuntem,
1043 2374 1271 2428 oculosque
1294 2374 1476 2416 videndo

247 2439 292 2470 35
319 2427 581 2469 conscelero?
605 2443 680 2469 cur
702 2443 786 2470 non
810 2436 952 2471 tauros
977 2429 1172 2471 exhortor
1195 2430 1238 2471 in
1261 2430 1381 2472 illum

316 2482 629 2538 terrigenasque
653 2484 764 2527 feros
788 2485 1098 2542 insopitumque
1123 2486 1373 2529 draconem?

318 2539 360 2580 di
384 2540 556 2581 meliora
578 2541 720 2582 velint.
778 2555 1034 2596 quamquam
1058 2557 1144 2584 non
1166 2543 1246 2584 ista
1269 2543 1492 2599 precanda,

316 2594 390 2636 sed
413 2595 606 2638 facienda
628 2597 743 2638 mihi.
768 2629 778 2639 .
793 2629 803 2639 .
819 2629 829 2639 .
853 2599 1082 2654 prodamne
1106 2614 1186 2654 ego
1209 2614 1340 2655 regna
1363 2599 1561 2655 parentis,

316 2658 443 2705 atque
468 2666 547 2707 ope
570 2653 711 2695 nescio
736 2654 829 2708 quis
854 2655 1088 2696 servabitur
1111 2655 1274 2698 advena
1296 2664 1452 2707 nostra,

244 2719 293 2750 40
316 2714 363 2748 ut
385 2722 461 2762 per
483 2723 550 2750 me
575 2723 717 2764 sospes
743 2710 831 2752 sine
856 2726 922 2753 nie
948 2711 1018 2753 det
1040 2711 1167 2754 lintea
1189 2711 1339 2761 ventis,

315 2762 461 2818 virque
486 2764 538 2807 sit
562 2765 750 2817 alterius,
775 2781 936 2823 poenae
961 2768 1117 2811 Medea
1142 2768 1376 2824 relinquar?

1759 1332 1762 1341 a
1759 1294 1764 1304 st
1743 1144 1774 1283 .j‘?1''‘'(ss:m,.
