<?xml version="1.0" encoding="UTF-8"?>
<!DOCTYPE html PUBLIC "-//W3C//DTD XHTML 1.0 Transitional//EN"
    "http://www.w3.org/TR/xhtml1/DTD/xhtml1-transitional.dtd">
<html xmlns="http://www.w3.org/1999/xhtml" xml:lang="en" lang="en">
 <head>
  <title>
</title>
<meta http-equiv="Content-Type" content="text/html;charset=utf-8" />
  <meta name='ocr-system' content='tesseract 3.04.00' />
  <meta name='ocr-capabilities' content='ocr_page ocr_carea ocr_par ocr_line ocrx_word'/>
</head>
<body>
  <div class='ocr_page' id='page_1' title='image "./carminao02oviduoft_0260.png"; bbox 0 0 1786 3242; ppageno 0'>
   <div class='ocr_carea' id='block_1_1' title="bbox 261 575 328 606">
    <p class='ocr_par' dir='ltr' id='par_1_1' title="bbox 261 575 328 606">
     <span class='ocr_line' id='line_1_1' title="bbox 261 575 328 606; baseline 0.015 -1"><span class='ocrx_word' id='word_1_1' title='bbox 261 575 328 606; x_wconf 84' lang='lat'><strong>475</strong></span> 
     </span>
    </p>
   </div>
   <div class='ocr_carea' id='block_1_2' title="bbox 261 855 330 886">
    <p class='ocr_par' dir='ltr' id='par_1_2' title="bbox 261 855 330 886">
     <span class='ocr_line' id='line_1_2' title="bbox 261 855 330 886; baseline 0 0"><span class='ocrx_word' id='word_1_2' title='bbox 261 855 330 886; x_wconf 85' lang='lat'><strong>480</strong></span> 
     </span>
    </p>
   </div>
   <div class='ocr_carea' id='block_1_3' title="bbox 262 1135 330 1168">
    <p class='ocr_par' dir='ltr' id='par_1_3' title="bbox 262 1135 330 1168">
     <span class='ocr_line' id='line_1_3' title="bbox 262 1135 330 1168; baseline -0.029 0"><span class='ocrx_word' id='word_1_3' title='bbox 262 1135 330 1168; x_wconf 84' lang='lat'><strong>485</strong></span> 
     </span>
    </p>
   </div>
   <div class='ocr_carea' id='block_1_4' title="bbox 263 1415 332 1446">
    <p class='ocr_par' dir='ltr' id='par_1_4' title="bbox 263 1415 332 1446">
     <span class='ocr_line' id='line_1_4' title="bbox 263 1415 332 1446; baseline 0 0"><span class='ocrx_word' id='word_1_4' title='bbox 263 1415 332 1446; x_wconf 83' lang='lat'><strong>490</strong></span> 
     </span>
    </p>
   </div>
   <div class='ocr_carea' id='block_1_5' title="bbox 263 1696 330 1726">
    <p class='ocr_par' dir='ltr' id='par_1_5' title="bbox 263 1696 330 1726">
     <span class='ocr_line' id='line_1_5' title="bbox 263 1696 330 1726; baseline 0 0"><span class='ocrx_word' id='word_1_5' title='bbox 263 1696 330 1726; x_wconf 85' lang='lat'><strong>495</strong></span> 
     </span>
    </p>
   </div>
   <div class='ocr_carea' id='block_1_6' title="bbox 263 1976 331 2007">
    <p class='ocr_par' dir='ltr' id='par_1_6' title="bbox 263 1976 331 2007">
     <span class='ocr_line' id='line_1_6' title="bbox 263 1976 331 2007; baseline 0 0"><span class='ocrx_word' id='word_1_6' title='bbox 263 1976 331 2007; x_wconf 85' lang='lat'><strong>500</strong></span> 
     </span>
    </p>
   </div>
   <div class='ocr_carea' id='block_1_7' title="bbox 263 2256 329 2288">
    <p class='ocr_par' dir='ltr' id='par_1_7' title="bbox 263 2256 329 2288">
     <span class='ocr_line' id='line_1_7' title="bbox 263 2256 329 2288; baseline 0 -1"><span class='ocrx_word' id='word_1_7' title='bbox 263 2256 329 2288; x_wconf 87' lang='lat'><strong>505</strong></span> 
     </span>
    </p>
   </div>
   <div class='ocr_carea' id='block_1_8' title="bbox 263 2536 330 2567">
    <p class='ocr_par' dir='ltr' id='par_1_8' title="bbox 263 2536 330 2567">
     <span class='ocr_line' id='line_1_8' title="bbox 263 2536 330 2567; baseline 0 -1"><span class='ocrx_word' id='word_1_8' title='bbox 263 2536 330 2567; x_wconf 89' lang='lat'><strong>510</strong></span> 
     </span>
    </p>
   </div>
   <div class='ocr_carea' id='block_1_9' title="bbox 355 246 1272 289">
    <p class='ocr_par' dir='ltr' id='par_1_9' title="bbox 355 246 1272 289">
     <span class='ocr_line' id='line_1_9' title="bbox 355 246 1272 289; baseline -0.002 0"><span class='ocrx_word' id='word_1_9' title='bbox 355 246 440 289; x_wconf 81' lang='lat'><strong>224</strong></span> <span class='ocrx_word' id='word_1_10' title='bbox 795 253 839 288; x_wconf 83' lang='lat' dir='ltr'><strong>P.</strong></span> <span class='ocrx_word' id='word_1_11' title='bbox 867 251 1031 289; x_wconf 90' lang='lat' dir='ltr'>0V1D11</span> <span class='ocrx_word' id='word_1_12' title='bbox 1055 249 1272 288; x_wconf 82' lang='lat' dir='ltr'>NASONIS</span> 
     </span>
    </p>
   </div>
   <div class='ocr_carea' id='block_1_10' title="bbox 351 331 1716 2804">
    <p class='ocr_par' dir='ltr' id='par_1_10' title="bbox 353 331 1441 388">
     <span class='ocr_line' id='line_1_10' title="bbox 353 331 1441 388; baseline -0.004 -10"><span class='ocrx_word' id='word_1_13' title='bbox 353 336 532 385; x_wconf 82' lang='lat' dir='ltr'><strong>reddite3</strong></span> <span class='ocrx_word' id='word_1_14' title='bbox 557 349 664 376; x_wconf 88' lang='lat' dir='ltr'><strong>neve</strong></span> <span class='ocrx_word' id='word_1_15' title='bbox 690 347 791 375; x_wconf 86' lang='lat' dir='ltr'><strong>auro</strong></span> <span class='ocrx_word' id='word_1_16' title='bbox 815 333 994 375; x_wconf 89' lang='lat' dir='ltr'><strong>redimat</strong></span> <span class='ocrx_word' id='word_1_17' title='bbox 1016 331 1081 373; x_wconf 84' lang='lat' dir='ltr'><strong>ius</strong></span> <span class='ocrx_word' id='word_1_18' title='bbox 1106 331 1223 374; x_wconf 88' lang='lat' dir='ltr'><strong>triste</strong></span> <span class='ocrx_word' id='word_1_19' title='bbox 1248 331 1441 388; x_wconf 79' lang='lat' dir='ltr'><strong>sepulcri,</strong></span> 
     </span>
    </p>

    <p class='ocr_par' dir='ltr' id='par_1_11' title="bbox 353 387 1628 615">
     <span class='ocr_line' id='line_1_11' title="bbox 354 387 1628 444; baseline -0.002 -10"><span class='ocrx_word' id='word_1_20' title='bbox 354 392 429 434; x_wconf 91' lang='lat' dir='ltr'><strong>sed</strong></span> <span class='ocrx_word' id='word_1_21' title='bbox 451 390 645 433; x_wconf 84' lang='lat' dir='ltr'>lacrimis.</span> <span class='ocrx_word' id='word_1_22' title='bbox 706 396 826 438; x_wconf 90' lang='lat' dir='ltr'><strong>tunc,</strong></span> <span class='ocrx_word' id='word_1_23' title='bbox 852 403 949 431; x_wconf 91' lang='lat' dir='ltr'><strong>cum</strong></span> <span class='ocrx_word' id='word_1_24' title='bbox 971 394 1152 444; x_wconf 88' lang='lat' dir='ltr'><strong>poterat,</strong></span> <span class='ocrx_word' id='word_1_25' title='bbox 1177 387 1411 431; x_wconf 84' lang='lat' dir='ltr'>redimebat</span> <span class='ocrx_word' id='word_1_26' title='bbox 1434 394 1476 432; x_wconf 80' lang='lat' dir='ltr'><strong>et</strong></span> <span class='ocrx_word' id='word_1_27' title='bbox 1499 387 1628 432; x_wconf 67' lang='lat' dir='ltr'><strong>auro!</strong></span> 
     </span>
     <span class='ocr_line' id='line_1_12' title="bbox 355 443 1504 502; baseline -0.003 -13"><span class='ocrx_word' id='word_1_28' title='bbox 355 448 530 490; x_wconf 85' lang='lat' dir='ltr'><strong>dixerat.</strong></span> <span class='ocrx_word' id='word_1_29' title='bbox 590 452 632 502; x_wconf 81' lang='lat' dir='ltr'><strong>at</strong></span> <span class='ocrx_word' id='word_1_30' title='bbox 656 446 836 501; x_wconf 87' lang='lat' dir='ltr'><strong>populus</strong></span> <span class='ocrx_word' id='word_1_31' title='bbox 861 444 1074 494; x_wconf 87' lang='lat' dir='ltr'><strong>lacrimas,</strong></span> <span class='ocrx_word' id='word_1_32' title='bbox 1098 457 1203 498; x_wconf 88' lang='lat' dir='ltr'><strong>quas</strong></span> <span class='ocrx_word' id='word_1_33' title='bbox 1226 443 1298 486; x_wconf 89' lang='lat' dir='ltr'><strong>illa</strong></span> <span class='ocrx_word' id='word_1_34' title='bbox 1321 443 1504 495; x_wconf 83' lang='lat' dir='ltr'><strong>tenebat,</strong></span> 
     </span>
     <span class='ocr_line' id='line_1_13' title="bbox 353 499 1499 556; baseline -0.002 -11"><span class='ocrx_word' id='word_1_35' title='bbox 353 518 438 545; x_wconf 91' lang='lat' dir='ltr'><strong>non</strong></span> <span class='ocrx_word' id='word_1_36' title='bbox 463 509 588 545; x_wconf 86' lang='lat' dir='ltr'><strong>tenet.</strong></span> <span class='ocrx_word' id='word_1_37' title='bbox 647 501 738 556; x_wconf 91' lang='lat' dir='ltr'><strong>ipse</strong></span> <span class='ocrx_word' id='word_1_38' title='bbox 762 501 888 543; x_wconf 87' lang='lat' dir='ltr'><strong>etiam</strong></span> <span class='ocrx_word' id='word_1_39' title='bbox 912 501 1016 543; x_wconf 88' lang='lat' dir='ltr'><strong>flens</strong></span> <span class='ocrx_word' id='word_1_40' title='bbox 1040 499 1280 554; x_wconf 85' lang='lat' dir='ltr'><strong>invitusque</strong></span> <span class='ocrx_word' id='word_1_41' title='bbox 1305 499 1499 544; x_wconf 79' lang='lat' dir='ltr'>sacerdos</span> 
     </span>
     <span class='ocr_line' id='line_1_14' title="bbox 353 555 1338 615; baseline -0.003 -15"><span class='ocrx_word' id='word_1_42' title='bbox 353 559 543 615; x_wconf 89' lang='lat' dir='ltr'><strong>praebita</strong></span> <span class='ocrx_word' id='word_1_43' title='bbox 566 557 754 600; x_wconf 85' lang='lat' dir='ltr'><strong>coniecto</strong></span> <span class='ocrx_word' id='word_1_44' title='bbox 778 557 891 612; x_wconf 93' lang='lat' dir='ltr'><strong>rupit</strong></span> <span class='ocrx_word' id='word_1_45' title='bbox 914 555 1159 612; x_wconf 87' lang='lat' dir='ltr'><strong>praecordia</strong></span> <span class='ocrx_word' id='word_1_46' title='bbox 1182 555 1305 598; x_wconf 87' lang='lat' dir='ltr'><strong>ferro.</strong></span> <span class='ocrx_word' id='word_1_47' title='bbox 1334 572 1338 573; x_wconf 47' lang='lat'><em>⁷</em></span> 
     </span>
    </p>

    <p class='ocr_par' dir='ltr' id='par_1_12' title="bbox 351 611 1290 670">
     <span class='ocr_line' id='line_1_15' title="bbox 351 611 1290 670; baseline -0.004 -13"><span class='ocrx_word' id='word_1_48' title='bbox 351 616 423 657; x_wconf 88' lang='lat' dir='ltr'><strong>illa</strong></span> <span class='ocrx_word' id='word_1_49' title='bbox 447 629 574 670; x_wconf 90' lang='lat' dir='ltr'><strong>super</strong></span> <span class='ocrx_word' id='word_1_50' title='bbox 597 621 750 655; x_wconf 89' lang='lat' dir='ltr'><strong>terram</strong></span> <span class='ocrx_word' id='word_1_51' title='bbox 775 613 939 655; x_wconf 87' lang='lat' dir='ltr'><strong>defecto</strong></span> <span class='ocrx_word' id='word_1_52' title='bbox 963 611 1121 668; x_wconf 81' lang='lat' dir='ltr'>poplite</span> <span class='ocrx_word' id='word_1_53' title='bbox 1145 611 1290 654; x_wconf 84' lang='lat' dir='ltr'><strong>labens</strong></span> 
     </span>
    </p>

    <p class='ocr_par' dir='ltr' id='par_1_13' title="bbox 353 667 1396 727">
     <span class='ocr_line' id='line_1_16' title="bbox 353 667 1396 727; baseline -0.002 -14"><span class='ocrx_word' id='word_1_54' title='bbox 353 671 525 727; x_wconf 90' lang='lat' dir='ltr'><strong>pertulit</strong></span> <span class='ocrx_word' id='word_1_55' title='bbox 547 669 777 725; x_wconf 85' lang='lat' dir='ltr'><strong>intrepidos</strong></span> <span class='ocrx_word' id='word_1_56' title='bbox 802 669 855 711; x_wconf 93' lang='lat' dir='ltr'><strong>ad</strong></span> <span class='ocrx_word' id='word_1_57' title='bbox 880 669 967 710; x_wconf 85' lang='lat' dir='ltr'><strong>fata</strong></span> <span class='ocrx_word' id='word_1_58' title='bbox 990 667 1218 710; x_wconf 82' lang='lat' dir='ltr'><strong>novissima</strong></span> <span class='ocrx_word' id='word_1_59' title='bbox 1243 668 1396 711; x_wconf 84' lang='lat' dir='ltr'><strong>vultus.</strong></span> 
     </span>
    </p>

    <p class='ocr_par' dir='ltr' id='par_1_14' title="bbox 353 725 1445 782">
     <span class='ocr_line' id='line_1_17' title="bbox 353 725 1445 782; baseline -0.002 -13"><span class='ocrx_word' id='word_1_60' title='bbox 353 735 455 769; x_wconf 91' lang='lat' dir='ltr'><strong>tunc</strong></span> <span class='ocrx_word' id='word_1_61' title='bbox 479 740 647 782; x_wconf 90' lang='lat' dir='ltr'><strong>quoque</strong></span> <span class='ocrx_word' id='word_1_62' title='bbox 672 740 773 767; x_wconf 87' lang='lat' dir='ltr'><strong>cura</strong></span> <span class='ocrx_word' id='word_1_63' title='bbox 796 725 876 767; x_wconf 85' lang='lat' dir='ltr'><strong>fuit</strong></span> <span class='ocrx_word' id='word_1_64' title='bbox 899 732 1039 780; x_wconf 89' lang='lat' dir='ltr'><strong>partes</strong></span> <span class='ocrx_word' id='word_1_65' title='bbox 1065 725 1204 767; x_wconf 88' lang='lat' dir='ltr'><strong>velare</strong></span> <span class='ocrx_word' id='word_1_66' title='bbox 1227 725 1445 780; x_wconf 86' lang='lat' dir='ltr'><strong>tegendas,</strong></span> 
     </span>
    </p>

    <p class='ocr_par' dir='ltr' id='par_1_15' title="bbox 353 780 1586 1063">
     <span class='ocr_line' id='line_1_18' title="bbox 354 780 1425 837; baseline -0.004 -11"><span class='ocrx_word' id='word_1_67' title='bbox 354 799 451 825; x_wconf 90' lang='lat' dir='ltr'><strong>cum</strong></span> <span class='ocrx_word' id='word_1_68' title='bbox 475 783 660 830; x_wconf 90' lang='lat' dir='ltr'><strong>caderet,</strong></span> <span class='ocrx_word' id='word_1_69' title='bbox 686 781 872 836; x_wconf 87' lang='lat' dir='ltr'><strong>castique</strong></span> <span class='ocrx_word' id='word_1_70' title='bbox 898 781 1025 823; x_wconf 90' lang='lat' dir='ltr'><strong>decus</strong></span> <span class='ocrx_word' id='word_1_71' title='bbox 1050 795 1216 823; x_wconf 89' lang='lat' dir='ltr'><strong>servare</strong></span> <span class='ocrx_word' id='word_1_72' title='bbox 1240 780 1425 837; x_wconf 90' lang='lat' dir='ltr'><strong>pudoris.</strong></span> 
     </span>
     <span class='ocr_line' id='line_1_19' title="bbox 354 838 1371 894; baseline -0.003 -13"><span class='ocrx_word' id='word_1_73' title='bbox 354 840 543 881; x_wconf 80' lang='lat' dir='ltr'>Troades</span> <span class='ocrx_word' id='word_1_74' title='bbox 568 838 783 894; x_wconf 85' lang='lat' dir='ltr'><strong>excipiunt</strong></span> <span class='ocrx_word' id='word_1_75' title='bbox 807 838 1129 893; x_wconf 80' lang='lat' dir='ltr'><strong>deploratosque</strong></span> <span class='ocrx_word' id='word_1_76' title='bbox 1152 844 1371 880; x_wconf 82' lang='lat' dir='ltr'><strong>recensent</strong></span> 
     </span>
     <span class='ocr_line' id='line_1_20' title="bbox 353 892 1464 948; baseline -0.001 -11"><span class='ocrx_word' id='word_1_77' title='bbox 353 895 609 945; x_wconf 72' lang='lat' dir='ltr'><strong>Priamidae,</strong></span> <span class='ocrx_word' id='word_1_78' title='bbox 635 902 676 937; x_wconf 91' lang='lat' dir='ltr'><strong>et</strong></span> <span class='ocrx_word' id='word_1_79' title='bbox 700 894 802 948; x_wconf 91' lang='lat' dir='ltr'><strong>quid</strong></span> <span class='ocrx_word' id='word_1_80' title='bbox 826 894 986 936; x_wconf 84' lang='lat' dir='ltr'><strong>dederit</strong></span> <span class='ocrx_word' id='word_1_81' title='bbox 1010 894 1158 935; x_wconf 88' lang='lat' dir='ltr'><strong>domus</strong></span> <span class='ocrx_word' id='word_1_82' title='bbox 1183 908 1269 935; x_wconf 91' lang='lat' dir='ltr'><strong>una</strong></span> <span class='ocrx_word' id='word_1_83' title='bbox 1293 892 1464 944; x_wconf 87' lang='lat' dir='ltr'><strong>cruoris,</strong></span> 
     </span>
     <span class='ocr_line' id='line_1_21' title="bbox 353 948 1586 1007; baseline -0.002 -13"><span class='ocrx_word' id='word_1_84' title='bbox 353 959 479 1007; x_wconf 91' lang='lat' dir='ltr'><strong>teque</strong></span> <span class='ocrx_word' id='word_1_85' title='bbox 534 958 697 1000; x_wconf 90' lang='lat' dir='ltr'><strong>emunt,</strong></span> <span class='ocrx_word' id='word_1_86' title='bbox 722 950 856 1006; x_wconf 86' lang='lat' dir='ltr'><strong>virgo,</strong></span> <span class='ocrx_word' id='word_1_87' title='bbox 881 957 1025 1004; x_wconf 87' lang='lat' dir='ltr'><strong>teque,</strong></span> <span class='ocrx_word' id='word_1_88' title='bbox 1051 964 1076 991; x_wconf 95' lang='lat' dir='ltr'><strong>o</strong></span> <span class='ocrx_word' id='word_1_89' title='bbox 1100 949 1225 991; x_wconf 90' lang='lat' dir='ltr'><strong>modo</strong></span> <span class='ocrx_word' id='word_1_90' title='bbox 1249 949 1367 1005; x_wconf 85' lang='lat' dir='ltr'><strong>regia</strong></span> <span class='ocrx_word' id='word_1_91' title='bbox 1389 948 1586 1000; x_wconf 86' lang='lat' dir='ltr'><strong>coniunx,</strong></span> 
     </span>
     <span class='ocr_line' id='line_1_22' title="bbox 353 1005 1347 1063; baseline -0.003 -13"><span class='ocrx_word' id='word_1_92' title='bbox 353 1008 472 1063; x_wconf 86' lang='lat' dir='ltr'><strong>regia</strong></span> <span class='ocrx_word' id='word_1_93' title='bbox 524 1008 608 1049; x_wconf 89' lang='lat' dir='ltr'><strong>icta</strong></span> <span class='ocrx_word' id='word_1_94' title='bbox 631 1022 802 1063; x_wconf 87' lang='lat' dir='ltr'><strong>parens,</strong></span> <span class='ocrx_word' id='word_1_95' title='bbox 827 1006 958 1048; x_wconf 84' lang='lat' dir='ltr'><strong>Asiae</strong></span> <span class='ocrx_word' id='word_1_96' title='bbox 983 1006 1167 1048; x_wconf 87' lang='lat' dir='ltr'><strong>florentis</strong></span> <span class='ocrx_word' id='word_1_97' title='bbox 1191 1005 1347 1061; x_wconf 82' lang='lat' dir='ltr'><strong>imago,</strong></span> 
     </span>
    </p>

    <p class='ocr_par' dir='ltr' id='par_1_16' title="bbox 353 1060 1575 1343">
     <span class='ocr_line' id='line_1_23' title="bbox 353 1060 1575 1119; baseline -0.001 -13"><span class='ocrx_word' id='word_1_98' title='bbox 353 1078 467 1106; x_wconf 89' lang='lat' dir='ltr'><strong>nunc</strong></span> <span class='ocrx_word' id='word_1_99' title='bbox 491 1064 617 1106; x_wconf 89' lang='lat' dir='ltr'><strong>etiam</strong></span> <span class='ocrx_word' id='word_1_100' title='bbox 641 1063 822 1119; x_wconf 84' lang='lat' dir='ltr'><strong>praedae</strong></span> <span class='ocrx_word' id='word_1_101' title='bbox 846 1063 958 1104; x_wconf 88' lang='lat' dir='ltr'><strong>mala</strong></span> <span class='ocrx_word' id='word_1_102' title='bbox 982 1077 1090 1111; x_wconf 87' lang='lat' dir='ltr'><strong>sors,</strong></span> <span class='ocrx_word' id='word_1_103' title='bbox 1115 1076 1244 1116; x_wconf 89' lang='lat' dir='ltr'><strong>quam</strong></span> <span class='ocrx_word' id='word_1_104' title='bbox 1268 1062 1400 1104; x_wconf 90' lang='lat' dir='ltr'><strong>victor</strong></span> <span class='ocrx_word' id='word_1_105' title='bbox 1422 1060 1575 1105; x_wconf 83' lang='lat' dir='ltr'><strong>Ulixes</strong></span> 
     </span>
     <span class='ocr_line' id='line_1_24' title="bbox 356 1118 1530 1173; baseline -0.002 -11"><span class='ocrx_word' id='word_1_106' title='bbox 356 1135 447 1162; x_wconf 88' lang='lat' dir='ltr'><strong>esse</strong></span> <span class='ocrx_word' id='word_1_107' title='bbox 472 1135 592 1162; x_wconf 90' lang='lat' dir='ltr'><strong>suam</strong></span> <span class='ocrx_word' id='word_1_108' title='bbox 615 1120 762 1168; x_wconf 88' lang='lat' dir='ltr'><strong>nollet,</strong></span> <span class='ocrx_word' id='word_1_109' title='bbox 787 1118 867 1160; x_wconf 88' lang='lat' dir='ltr'><strong>nisi</strong></span> <span class='ocrx_word' id='word_1_110' title='bbox 891 1119 1005 1173; x_wconf 89' lang='lat' dir='ltr'><strong>quod</strong></span> <span class='ocrx_word' id='word_1_111' title='bbox 1029 1126 1170 1160; x_wconf 88' lang='lat' dir='ltr'><strong>tamen</strong></span> <span class='ocrx_word' id='word_1_112' title='bbox 1194 1119 1382 1160; x_wconf 87' lang='lat' dir='ltr'><strong>Hectora</strong></span> <span class='ocrx_word' id='word_1_113' title='bbox 1404 1125 1530 1173; x_wconf 89' lang='lat' dir='ltr'><strong>partu</strong></span> 
     </span>
     <span class='ocr_line' id='line_1_25' title="bbox 355 1174 1477 1230; baseline -0.002 -12"><span class='ocrx_word' id='word_1_114' title='bbox 355 1176 555 1218; x_wconf 88' lang='lat' dir='ltr'><strong>ediderat.</strong></span> <span class='ocrx_word' id='word_1_115' title='bbox 615 1175 832 1217; x_wconf 90' lang='lat' dir='ltr'><strong>dominum</strong></span> <span class='ocrx_word' id='word_1_116' title='bbox 855 1174 979 1217; x_wconf 88' lang='lat' dir='ltr'><strong>matri</strong></span> <span class='ocrx_word' id='word_1_117' title='bbox 1003 1175 1074 1216; x_wconf 87' lang='lat' dir='ltr'><strong>vix</strong></span> <span class='ocrx_word' id='word_1_118' title='bbox 1097 1174 1279 1230; x_wconf 88' lang='lat' dir='ltr'><strong>repperit</strong></span> <span class='ocrx_word' id='word_1_119' title='bbox 1303 1175 1477 1217; x_wconf 83' lang='lat' dir='ltr'><strong>Hector.</strong></span> 
     </span>
     <span class='ocr_line' id='line_1_26' title="bbox 353 1229 1483 1287; baseline 0 -14"><span class='ocrx_word' id='word_1_120' title='bbox 353 1247 462 1286; x_wconf 88' lang='lat' dir='ltr'><strong>quae</strong></span> <span class='ocrx_word' id='word_1_121' title='bbox 487 1246 638 1287; x_wconf 89' lang='lat' dir='ltr'><strong>corpus</strong></span> <span class='ocrx_word' id='word_1_122' title='bbox 662 1232 882 1286; x_wconf 89' lang='lat' dir='ltr'><strong>complexa</strong></span> <span class='ocrx_word' id='word_1_123' title='bbox 905 1230 1069 1273; x_wconf 88' lang='lat' dir='ltr'><strong>animae</strong></span> <span class='ocrx_word' id='word_1_124' title='bbox 1093 1238 1180 1273; x_wconf 88' lang='lat' dir='ltr'><strong>tam</strong></span> <span class='ocrx_word' id='word_1_125' title='bbox 1202 1229 1322 1272; x_wconf 89' lang='lat' dir='ltr'><strong>fortis</strong></span> <span class='ocrx_word' id='word_1_126' title='bbox 1345 1230 1483 1281; x_wconf 86' lang='lat' dir='ltr'><strong>inane,</strong></span> 
     </span>
     <span class='ocr_line' id='line_1_27' title="bbox 354 1286 1444 1343; baseline -0.001 -13"><span class='ocrx_word' id='word_1_127' title='bbox 354 1303 460 1342; x_wconf 89' lang='lat' dir='ltr'><strong>quas</strong></span> <span class='ocrx_word' id='word_1_128' title='bbox 485 1288 636 1330; x_wconf 89' lang='lat' dir='ltr'><strong>totiens</strong></span> <span class='ocrx_word' id='word_1_129' title='bbox 660 1287 820 1343; x_wconf 89' lang='lat' dir='ltr'><strong>patriae</strong></span> <span class='ocrx_word' id='word_1_130' title='bbox 844 1287 1017 1329; x_wconf 81' lang='lat' dir='ltr'><strong>dederat</strong></span> <span class='ocrx_word' id='word_1_131' title='bbox 1039 1286 1233 1341; x_wconf 89' lang='lat' dir='ltr'><strong>natisque</strong></span> <span class='ocrx_word' id='word_1_132' title='bbox 1257 1286 1444 1341; x_wconf 88' lang='lat' dir='ltr'><strong>viroque,</strong></span> 
     </span>
    </p>

    <p class='ocr_par' dir='ltr' id='par_1_17' title="bbox 354 1342 1716 1842">
     <span class='ocr_line' id='line_1_28' title="bbox 354 1342 1650 1398; baseline 0 -12"><span class='ocrx_word' id='word_1_133' title='bbox 354 1344 454 1386; x_wconf 91' lang='lat' dir='ltr'><strong>huic</strong></span> <span class='ocrx_word' id='word_1_134' title='bbox 477 1357 645 1398; x_wconf 91' lang='lat' dir='ltr'><strong>quoque</strong></span> <span class='ocrx_word' id='word_1_135' title='bbox 671 1343 743 1385; x_wconf 87' lang='lat' dir='ltr'><strong>dat</strong></span> <span class='ocrx_word' id='word_1_136' title='bbox 764 1343 970 1385; x_wconf 81' lang='lat' dir='ltr'><strong>lacrimas.</strong></span> <span class='ocrx_word' id='word_1_137' title='bbox 1029 1343 1222 1385; x_wconf 86' lang='lat' dir='ltr'><strong>lacrimas</strong></span> <span class='ocrx_word' id='word_1_138' title='bbox 1244 1343 1290 1385; x_wconf 88' lang='lat' dir='ltr'><strong>in</strong></span> <span class='ocrx_word' id='word_1_139' title='bbox 1312 1343 1488 1386; x_wconf 85' lang='lat' dir='ltr'><strong>vulnera</strong></span> <span class='ocrx_word' id='word_1_140' title='bbox 1509 1342 1650 1386; x_wconf 83' lang='lat' dir='ltr'><strong>fundit</strong></span> 
     </span>
     <span class='ocr_line' id='line_1_29' title="bbox 356 1398 1512 1455; baseline 0 -13"><span class='ocrx_word' id='word_1_141' title='bbox 356 1400 583 1454; x_wconf 89' lang='lat' dir='ltr'><strong>osculaque</strong></span> <span class='ocrx_word' id='word_1_142' title='bbox 608 1414 679 1441; x_wconf 92' lang='lat' dir='ltr'><strong>ore</strong></span> <span class='ocrx_word' id='word_1_143' title='bbox 703 1399 809 1455; x_wconf 90' lang='lat' dir='ltr'><strong>tegit</strong></span> <span class='ocrx_word' id='word_1_144' title='bbox 833 1406 1115 1453; x_wconf 88' lang='lat' dir='ltr'><strong>consuetaque</strong></span> <span class='ocrx_word' id='word_1_145' title='bbox 1139 1405 1313 1454; x_wconf 89' lang='lat' dir='ltr'><strong>pectora</strong></span> <span class='ocrx_word' id='word_1_146' title='bbox 1336 1398 1512 1455; x_wconf 85' lang='lat' dir='ltr'><strong>plangit,</strong></span> 
     </span>
     <span class='ocr_line' id='line_1_30' title="bbox 355 1454 1491 1511; baseline 0 -13"><span class='ocrx_word' id='word_1_147' title='bbox 355 1456 635 1510; x_wconf 88' lang='lat' dir='ltr'><strong>canitiemque</strong></span> <span class='ocrx_word' id='word_1_148' title='bbox 660 1471 781 1497; x_wconf 88' lang='lat' dir='ltr'><strong>suam</strong></span> <span class='ocrx_word' id='word_1_149' title='bbox 805 1462 999 1498; x_wconf 88' lang='lat' dir='ltr'><strong>concreto</strong></span> <span class='ocrx_word' id='word_1_150' title='bbox 1024 1455 1066 1497; x_wconf 93' lang='lat' dir='ltr'><strong>in</strong></span> <span class='ocrx_word' id='word_1_151' title='bbox 1092 1454 1297 1511; x_wconf 86' lang='lat' dir='ltr'><strong>sanguine</strong></span> <span class='ocrx_word' id='word_1_152' title='bbox 1321 1469 1491 1498; x_wconf 86' lang='lat' dir='ltr'><strong>verrens</strong></span> 
     </span>
     <span class='ocr_line' id='line_1_31' title="bbox 354 1510 1502 1568; baseline -0.001 -14"><span class='ocrx_word' id='word_1_153' title='bbox 354 1513 477 1568; x_wconf 90' lang='lat' dir='ltr'><strong>plura</strong></span> <span class='ocrx_word' id='word_1_154' title='bbox 500 1512 689 1567; x_wconf 90' lang='lat' dir='ltr'><strong>quidem,</strong></span> <span class='ocrx_word' id='word_1_155' title='bbox 715 1511 790 1553; x_wconf 89' lang='lat' dir='ltr'><strong>sed</strong></span> <span class='ocrx_word' id='word_1_156' title='bbox 814 1519 855 1553; x_wconf 92' lang='lat' dir='ltr'><strong>et</strong></span> <span class='ocrx_word' id='word_1_157' title='bbox 878 1511 983 1554; x_wconf 89' lang='lat' dir='ltr'><strong>haec</strong></span> <span class='ocrx_word' id='word_1_158' title='bbox 1007 1511 1161 1553; x_wconf 88' lang='lat' dir='ltr'><strong>laniato</strong></span> <span class='ocrx_word' id='word_1_159' title='bbox 1185 1518 1355 1567; x_wconf 90' lang='lat' dir='ltr'><strong>pectore</strong></span> <span class='ocrx_word' id='word_1_160' title='bbox 1379 1510 1502 1554; x_wconf 80' lang='lat' dir='ltr'><strong>dixit:</strong></span> 
     </span>
     <span class='ocr_line' id='line_1_32' title="bbox 356 1567 1716 1623; baseline 0.001 -14"><span class='ocrx_word' id='word_1_161' title='bbox 356 1574 493 1619; x_wconf 87' lang='lat' dir='ltr'><strong>‘nata,</strong></span> <span class='ocrx_word' id='word_1_162' title='bbox 518 1568 799 1622; x_wconf 90' lang='lat' dir='ltr'><strong>tuae—quid</strong></span> <span class='ocrx_word' id='word_1_163' title='bbox 823 1568 934 1610; x_wconf 90' lang='lat' dir='ltr'><strong>enim</strong></span> <span class='ocrx_word' id='word_1_164' title='bbox 960 1567 1176 1623; x_wconf 86' lang='lat' dir='ltr'><strong>superest?</strong></span> <span class='ocrx_word' id='word_1_165' title='bbox 1194 1591 1252 1597; x_wconf 97' lang='lat'><strong>—</strong></span> <span class='ocrx_word' id='word_1_166' title='bbox 1268 1567 1388 1610; x_wconf 91' lang='lat' dir='ltr'><strong>dolor</strong></span> <span class='ocrx_word' id='word_1_167' title='bbox 1409 1567 1560 1611; x_wconf 88' lang='lat' dir='ltr'><strong>ultime</strong></span> <span class='ocrx_word' id='word_1_168' title='bbox 1579 1567 1716 1618; x_wconf 82' lang='lat' dir='ltr'><strong>matri,</strong></span> 
     </span>
     <span class='ocr_line' id='line_1_33' title="bbox 354 1622 1545 1678; baseline -0.001 -11"><span class='ocrx_word' id='word_1_169' title='bbox 354 1633 466 1674; x_wconf 88' lang='lat' dir='ltr'><strong>nata,</strong></span> <span class='ocrx_word' id='word_1_170' title='bbox 491 1625 621 1674; x_wconf 81' lang='lat' dir='ltr'><strong>iaces3</strong></span> <span class='ocrx_word' id='word_1_171' title='bbox 647 1624 854 1678; x_wconf 89' lang='lat' dir='ltr'><strong>videoque</strong></span> <span class='ocrx_word' id='word_1_172' title='bbox 878 1631 1016 1673; x_wconf 86' lang='lat' dir='ltr'><strong>tuum,</strong></span> <span class='ocrx_word' id='word_1_173' title='bbox 1042 1639 1136 1666; x_wconf 88' lang='lat' dir='ltr'><strong>mea</strong></span> <span class='ocrx_word' id='word_1_174' title='bbox 1159 1624 1353 1674; x_wconf 84' lang='lat' dir='ltr'><strong>vulnera,</strong></span> <span class='ocrx_word' id='word_1_175' title='bbox 1378 1622 1545 1666; x_wconf 87' lang='lat' dir='ltr'><strong>vulnus.</strong></span> 
     </span>
     <span class='ocr_line' id='line_1_34' title="bbox 357 1679 1557 1736; baseline 0 -14"><span class='ocrx_word' id='word_1_176' title='bbox 357 1697 430 1731; x_wconf 88' lang='lat' dir='ltr'><strong>en,</strong></span> <span class='ocrx_word' id='word_1_177' title='bbox 455 1696 508 1723; x_wconf 91' lang='lat' dir='ltr'><strong>ne</strong></span> <span class='ocrx_word' id='word_1_178' title='bbox 531 1680 783 1736; x_wconf 89' lang='lat' dir='ltr'><strong>perdiderim</strong></span> <span class='ocrx_word' id='word_1_179' title='bbox 809 1694 1064 1735; x_wconf 86' lang='lat' dir='ltr'><strong>quemquam</strong></span> <span class='ocrx_word' id='word_1_180' title='bbox 1088 1680 1178 1722; x_wconf 87' lang='lat' dir='ltr'><strong>sine</strong></span> <span class='ocrx_word' id='word_1_181' title='bbox 1202 1679 1331 1723; x_wconf 89' lang='lat' dir='ltr'><strong>caede</strong></span> <span class='ocrx_word' id='word_1_182' title='bbox 1354 1694 1557 1730; x_wconf 92' lang='lat' dir='ltr'><strong>meorum,</strong></span> 
     </span>
     <span class='ocr_line' id='line_1_35' title="bbox 355 1735 1596 1792; baseline 0 -13"><span class='ocrx_word' id='word_1_183' title='bbox 355 1746 401 1779; x_wconf 87' lang='lat' dir='ltr'><strong>tu</strong></span> <span class='ocrx_word' id='word_1_184' title='bbox 426 1752 594 1792; x_wconf 92' lang='lat' dir='ltr'><strong>quoque</strong></span> <span class='ocrx_word' id='word_1_185' title='bbox 618 1737 770 1778; x_wconf 90' lang='lat' dir='ltr'><strong>vulnus</strong></span> <span class='ocrx_word' id='word_1_186' title='bbox 795 1737 938 1778; x_wconf 87' lang='lat' dir='ltr'><strong>habes.</strong></span> <span class='ocrx_word' id='word_1_187' title='bbox 999 1744 1041 1778; x_wconf 88' lang='lat' dir='ltr'><strong>at</strong></span> <span class='ocrx_word' id='word_1_188' title='bbox 1064 1743 1124 1786; x_wconf 87' lang='lat' dir='ltr'><strong>te,</strong></span> <span class='ocrx_word' id='word_1_189' title='bbox 1150 1736 1249 1791; x_wconf 88' lang='lat' dir='ltr'><strong>quia</strong></span> <span class='ocrx_word' id='word_1_190' title='bbox 1271 1735 1449 1787; x_wconf 84' lang='lat' dir='ltr'><strong>femina,</strong></span> <span class='ocrx_word' id='word_1_191' title='bbox 1473 1736 1596 1779; x_wconf 82' lang='lat' dir='ltr'><strong>rebar</strong></span> 
     </span>
     <span class='ocr_line' id='line_1_36' title="bbox 355 1792 1301 1842; baseline -0.001 -7"><span class='ocrx_word' id='word_1_192' title='bbox 355 1810 381 1835; x_wconf 87' lang='lat' dir='ltr'><strong>a</strong></span> <span class='ocrx_word' id='word_1_193' title='bbox 403 1793 514 1835; x_wconf 88' lang='lat' dir='ltr'><strong>ferro</strong></span> <span class='ocrx_word' id='word_1_194' title='bbox 538 1801 691 1835; x_wconf 89' lang='lat' dir='ltr'><strong>tutam:</strong></span> <span class='ocrx_word' id='word_1_195' title='bbox 717 1792 902 1834; x_wconf 87' lang='lat' dir='ltr'><strong>cecidisti</strong></span> <span class='ocrx_word' id='word_1_196' title='bbox 926 1799 968 1835; x_wconf 92' lang='lat' dir='ltr'><strong>et</strong></span> <span class='ocrx_word' id='word_1_197' title='bbox 990 1792 1148 1835; x_wconf 88' lang='lat' dir='ltr'><strong>femina</strong></span> <span class='ocrx_word' id='word_1_198' title='bbox 1171 1792 1301 1842; x_wconf 84' lang='lat' dir='ltr'><strong>ferr03</strong></span> 
     </span>
    </p>

    <p class='ocr_par' dir='ltr' id='par_1_18' title="bbox 355 1848 1368 1903">
     <span class='ocr_line' id='line_1_37' title="bbox 355 1848 1368 1903; baseline -0.001 -12"><span class='ocrx_word' id='word_1_199' title='bbox 355 1857 501 1903; x_wconf 88' lang='lat' dir='ltr'><strong>totque</strong></span> <span class='ocrx_word' id='word_1_200' title='bbox 525 1857 620 1891; x_wconf 91' lang='lat' dir='ltr'><strong>tuos</strong></span> <span class='ocrx_word' id='word_1_201' title='bbox 644 1849 756 1891; x_wconf 91' lang='lat' dir='ltr'><strong>idem</strong></span> <span class='ocrx_word' id='word_1_202' title='bbox 780 1849 949 1899; x_wconf 87' lang='lat' dir='ltr'><strong>fratres,</strong></span> <span class='ocrx_word' id='word_1_203' title='bbox 974 1855 1015 1890; x_wconf 92' lang='lat' dir='ltr'><strong>te</strong></span> <span class='ocrx_word' id='word_1_204' title='bbox 1039 1848 1221 1903; x_wconf 91' lang='lat' dir='ltr'><strong>perdidit</strong></span> <span class='ocrx_word' id='word_1_205' title='bbox 1243 1848 1368 1899; x_wconf 90' lang='lat' dir='ltr'><strong>idem,</strong></span> 
     </span>
    </p>

    <p class='ocr_par' dir='ltr' id='par_1_19' title="bbox 355 1904 1375 1958">
     <span class='ocr_line' id='line_1_38' title="bbox 355 1904 1375 1958; baseline 0.001 -12"><span class='ocrx_word' id='word_1_206' title='bbox 355 1906 528 1947; x_wconf 88' lang='lat' dir='ltr'><strong>exitium</strong></span> <span class='ocrx_word' id='word_1_207' title='bbox 551 1905 703 1947; x_wconf 86' lang='lat' dir='ltr'><strong>Troiae</strong></span> <span class='ocrx_word' id='word_1_208' title='bbox 727 1905 941 1958; x_wconf 84' lang='lat' dir='ltr'><strong>nostrique</strong></span> <span class='ocrx_word' id='word_1_209' title='bbox 966 1905 1147 1954; x_wconf 85' lang='lat' dir='ltr'><strong>orbator,</strong></span> <span class='ocrx_word' id='word_1_210' title='bbox 1172 1904 1375 1947; x_wconf 88' lang='lat' dir='ltr'><strong>Achilles.</strong></span> 
     </span>
    </p>

    <p class='ocr_par' dir='ltr' id='par_1_20' title="bbox 354 1959 1653 2297">
     <span class='ocr_line' id='line_1_39' title="bbox 356 1959 1483 2017; baseline 0 -14"><span class='ocrx_word' id='word_1_211' title='bbox 356 1969 399 2003; x_wconf 89' lang='lat' dir='ltr'><strong>at</strong></span> <span class='ocrx_word' id='word_1_212' title='bbox 421 1969 644 2017; x_wconf 86' lang='lat' dir='ltr'><strong>postquam</strong></span> <span class='ocrx_word' id='word_1_213' title='bbox 670 1961 818 2003; x_wconf 86' lang='lat' dir='ltr'><strong>cecidit</strong></span> <span class='ocrx_word' id='word_1_214' title='bbox 842 1960 1008 2002; x_wconf 83' lang='lat' dir='ltr'><strong>Paridis</strong></span> <span class='ocrx_word' id='word_1_215' title='bbox 1032 1960 1282 2015; x_wconf 90' lang='lat' dir='ltr'><strong>Phoebique</strong></span> <span class='ocrx_word' id='word_1_216' title='bbox 1307 1959 1483 2016; x_wconf 82' lang='lat' dir='ltr'><strong>sagittis,</strong></span> 
     </span>
     <span class='ocr_line' id='line_1_40' title="bbox 354 2016 1519 2067; baseline -0.001 -8"><span class='ocrx_word' id='word_1_217' title='bbox 354 2032 467 2059; x_wconf 91' lang='lat' dir='ltr'><strong>nunc</strong></span> <span class='ocrx_word' id='word_1_218' title='bbox 491 2025 622 2067; x_wconf 88' lang='lat' dir='ltr'><strong>certe,</strong></span> <span class='ocrx_word' id='word_1_219' title='bbox 648 2017 752 2067; x_wconf 88' lang='lat' dir='ltr'><strong>dixi,</strong></span> <span class='ocrx_word' id='word_1_220' title='bbox 777 2031 863 2058; x_wconf 90' lang='lat' dir='ltr'><strong>non</strong></span> <span class='ocrx_word' id='word_1_221' title='bbox 887 2025 950 2058; x_wconf 92' lang='lat' dir='ltr'><strong>est</strong></span> <span class='ocrx_word' id='word_1_222' title='bbox 974 2017 1224 2059; x_wconf 88' lang='lat' dir='ltr'><strong>metuendus</strong></span> <span class='ocrx_word' id='word_1_223' title='bbox 1249 2016 1438 2059; x_wconf 90' lang='lat' dir='ltr'><strong>Achilles</strong></span> <span class='ocrx_word' id='word_1_224' title='bbox 1460 2041 1519 2047; x_wconf 92' lang='lat'>—</span> 
     </span>
     <span class='ocr_line' id='line_1_41' title="bbox 355 2072 1598 2129; baseline 0 -14"><span class='ocrx_word' id='word_1_225' title='bbox 355 2088 467 2115; x_wconf 88' lang='lat' dir='ltr'><strong>nunc</strong></span> <span class='ocrx_word' id='word_1_226' title='bbox 491 2088 659 2128; x_wconf 93' lang='lat' dir='ltr'><strong>quoque</strong></span> <span class='ocrx_word' id='word_1_227' title='bbox 683 2073 742 2114; x_wconf 90' lang='lat' dir='ltr'><strong>mi</strong></span> <span class='ocrx_word' id='word_1_228' title='bbox 765 2073 1016 2116; x_wconf 91' lang='lat' dir='ltr'><strong>metuendus</strong></span> <span class='ocrx_word' id='word_1_229' title='bbox 1041 2080 1143 2115; x_wconf 84' lang='lat' dir='ltr'><strong>erat.</strong></span> <span class='ocrx_word' id='word_1_230' title='bbox 1202 2072 1306 2115; x_wconf 90' lang='lat' dir='ltr'><strong>cinis</strong></span> <span class='ocrx_word' id='word_1_231' title='bbox 1330 2073 1421 2129; x_wconf 90' lang='lat' dir='ltr'><strong>ipse</strong></span> <span class='ocrx_word' id='word_1_232' title='bbox 1445 2072 1598 2128; x_wconf 84' lang='lat' dir='ltr'><strong>sepulti</strong></span> 
     </span>
     <span class='ocr_line' id='line_1_42' title="bbox 354 2128 1653 2185; baseline 0.001 -14"><span class='ocrx_word' id='word_1_233' title='bbox 354 2131 398 2171; x_wconf 90' lang='lat' dir='ltr'><strong>in</strong></span> <span class='ocrx_word' id='word_1_234' title='bbox 422 2145 556 2185; x_wconf 82' lang='lat' dir='ltr'><strong>genus</strong></span> <span class='ocrx_word' id='word_1_235' title='bbox 581 2129 661 2171; x_wconf 92' lang='lat' dir='ltr'><strong>hoc</strong></span> <span class='ocrx_word' id='word_1_236' title='bbox 685 2129 835 2171; x_wconf 83' lang='lat' dir='ltr'><strong>saevit:</strong></span> <span class='ocrx_word' id='word_1_237' title='bbox 860 2130 1022 2171; x_wconf 90' lang='lat' dir='ltr'><strong>tumulo</strong></span> <span class='ocrx_word' id='word_1_238' title='bbox 1046 2143 1215 2184; x_wconf 90' lang='lat' dir='ltr'><strong>quoque</strong></span> <span class='ocrx_word' id='word_1_239' title='bbox 1240 2128 1447 2172; x_wconf 87' lang='lat' dir='ltr'><strong>sensimus</strong></span> <span class='ocrx_word' id='word_1_240' title='bbox 1470 2129 1653 2172; x_wconf 84' lang='lat' dir='ltr'><strong>hostem:</strong></span> 
     </span>
     <span class='ocr_line' id='line_1_43' title="bbox 354 2185 1366 2241; baseline 0.001 -14"><span class='ocrx_word' id='word_1_241' title='bbox 354 2186 571 2228; x_wconf 87' lang='lat' dir='ltr'><strong>Aeacidae</strong></span> <span class='ocrx_word' id='word_1_242' title='bbox 595 2185 778 2227; x_wconf 90' lang='lat' dir='ltr'><strong>fecunda</strong></span> <span class='ocrx_word' id='word_1_243' title='bbox 806 2185 881 2227; x_wconf 88' lang='lat' dir='ltr'><strong>fui.</strong></span> <span class='ocrx_word' id='word_1_244' title='bbox 940 2185 1049 2228; x_wconf 88' lang='lat' dir='ltr'><strong>iacet</strong></span> <span class='ocrx_word' id='word_1_245' title='bbox 1071 2185 1181 2227; x_wconf 89' lang='lat' dir='ltr'><strong>Ilion</strong></span> <span class='ocrx_word' id='word_1_246' title='bbox 1203 2185 1366 2241; x_wconf 86' lang='lat' dir='ltr'><strong>ingens,</strong></span> 
     </span>
     <span class='ocr_line' id='line_1_44' title="bbox 355 2241 1334 2297; baseline -0.001 -13"><span class='ocrx_word' id='word_1_247' title='bbox 355 2249 592 2296; x_wconf 88' lang='lat' dir='ltr'><strong>eventuque</strong></span> <span class='ocrx_word' id='word_1_248' title='bbox 616 2241 736 2297; x_wconf 87' lang='lat' dir='ltr'><strong>gravi</strong></span> <span class='ocrx_word' id='word_1_249' title='bbox 759 2242 877 2283; x_wconf 89' lang='lat' dir='ltr'><strong>finita</strong></span> <span class='ocrx_word' id='word_1_250' title='bbox 901 2249 964 2284; x_wconf 87' lang='lat' dir='ltr'><strong>est</strong></span> <span class='ocrx_word' id='word_1_251' title='bbox 988 2241 1157 2297; x_wconf 91' lang='lat' dir='ltr'><strong>publica</strong></span> <span class='ocrx_word' id='word_1_252' title='bbox 1181 2241 1334 2292; x_wconf 86' lang='lat' dir='ltr'><strong>clades,</strong></span> 
     </span>
    </p>

    <p class='ocr_par' dir='ltr' id='par_1_21' title="bbox 355 2297 1437 2353">
     <span class='ocr_line' id='line_1_45' title="bbox 355 2297 1437 2353; baseline 0 -13"><span class='ocrx_word' id='word_1_253' title='bbox 355 2298 429 2341; x_wconf 91' lang='lat' dir='ltr'><strong>sed</strong></span> <span class='ocrx_word' id='word_1_254' title='bbox 452 2298 570 2340; x_wconf 89' lang='lat' dir='ltr'><strong>finita</strong></span> <span class='ocrx_word' id='word_1_255' title='bbox 592 2305 747 2340; x_wconf 86' lang='lat' dir='ltr'><strong>tamen.</strong></span> <span class='ocrx_word' id='word_1_256' title='bbox 806 2298 883 2340; x_wconf 90' lang='lat' dir='ltr'><strong>soli</strong></span> <span class='ocrx_word' id='word_1_257' title='bbox 906 2298 1009 2339; x_wconf 89' lang='lat' dir='ltr'><strong>mihi</strong></span> <span class='ocrx_word' id='word_1_258' title='bbox 1031 2297 1245 2353; x_wconf 80' lang='lat' dir='ltr'><strong>Pergama</strong></span> <span class='ocrx_word' id='word_1_259' title='bbox 1267 2304 1437 2349; x_wconf 85' lang='lat' dir='ltr'><strong>restant,</strong></span> 
     </span>
    </p>

    <p class='ocr_par' dir='ltr' id='par_1_22' title="bbox 353 2354 1583 2804">
     <span class='ocr_line' id='line_1_46' title="bbox 354 2354 1583 2409; baseline 0.001 -13"><span class='ocrx_word' id='word_1_260' title='bbox 354 2355 397 2396; x_wconf 90' lang='lat' dir='ltr'><strong>in</strong></span> <span class='ocrx_word' id='word_1_261' title='bbox 423 2369 631 2409; x_wconf 88' lang='lat' dir='ltr'><strong>cursuque</strong></span> <span class='ocrx_word' id='word_1_262' title='bbox 656 2369 774 2396; x_wconf 89' lang='lat' dir='ltr'><strong>meus</strong></span> <span class='ocrx_word' id='word_1_263' title='bbox 799 2354 917 2396; x_wconf 91' lang='lat' dir='ltr'><strong>dolor</strong></span> <span class='ocrx_word' id='word_1_264' title='bbox 941 2361 1016 2396; x_wconf 87' lang='lat' dir='ltr'><strong>est.</strong></span> <span class='ocrx_word' id='word_1_265' title='bbox 1074 2354 1200 2396; x_wconf 89' lang='lat' dir='ltr'><strong>modo</strong></span> <span class='ocrx_word' id='word_1_266' title='bbox 1224 2354 1408 2397; x_wconf 85' lang='lat' dir='ltr'><strong>maxima</strong></span> <span class='ocrx_word' id='word_1_267' title='bbox 1429 2368 1583 2405; x_wconf 86' lang='lat' dir='ltr'><strong>rerum,</strong></span> 
     </span>
     <span class='ocr_line' id='line_1_47' title="bbox 354 2410 1490 2466; baseline 0.002 -15"><span class='ocrx_word' id='word_1_268' title='bbox 354 2417 416 2452; x_wconf 87' lang='lat' dir='ltr'><strong>tot</strong></span> <span class='ocrx_word' id='word_1_269' title='bbox 438 2411 604 2466; x_wconf 87' lang='lat' dir='ltr'><strong>generis</strong></span> <span class='ocrx_word' id='word_1_270' title='bbox 628 2411 822 2466; x_wconf 89' lang='lat' dir='ltr'><strong>natisque</strong></span> <span class='ocrx_word' id='word_1_271' title='bbox 846 2418 994 2466; x_wconf 89' lang='lat' dir='ltr'><strong>potens</strong></span> <span class='ocrx_word' id='word_1_272' title='bbox 1019 2410 1278 2465; x_wconf 90' lang='lat' dir='ltr'><strong>nuribusque</strong></span> <span class='ocrx_word' id='word_1_273' title='bbox 1302 2410 1490 2466; x_wconf 85' lang='lat' dir='ltr'><strong>viroque,</strong></span> 
     </span>
     <span class='ocr_line' id='line_1_48' title="bbox 353 2466 1528 2523; baseline 0 -15"><span class='ocrx_word' id='word_1_274' title='bbox 353 2482 466 2509; x_wconf 92' lang='lat' dir='ltr'><strong>nunc</strong></span> <span class='ocrx_word' id='word_1_275' title='bbox 489 2467 631 2509; x_wconf 85' lang='lat' dir='ltr'><strong>trahor</strong></span> <span class='ocrx_word' id='word_1_276' title='bbox 655 2467 772 2517; x_wconf 88' lang='lat' dir='ltr'><strong>exul,</strong></span> <span class='ocrx_word' id='word_1_277' title='bbox 796 2467 934 2523; x_wconf 91' lang='lat' dir='ltr'><strong>inops,</strong></span> <span class='ocrx_word' id='word_1_278' title='bbox 959 2466 1130 2508; x_wconf 89' lang='lat' dir='ltr'><strong>tumulis</strong></span> <span class='ocrx_word' id='word_1_279' title='bbox 1155 2467 1303 2509; x_wconf 81' lang='lat' dir='ltr'><strong>avulsa</strong></span> <span class='ocrx_word' id='word_1_280' title='bbox 1324 2481 1528 2516; x_wconf 89' lang='lat' dir='ltr'><strong>meorum,</strong></span> 
     </span>
     <span class='ocr_line' id='line_1_49' title="bbox 355 2522 1581 2578; baseline 0.001 -14"><span class='ocrx_word' id='word_1_281' title='bbox 355 2523 596 2578; x_wconf 87' lang='lat' dir='ltr'><strong>Penelopae</strong></span> <span class='ocrx_word' id='word_1_282' title='bbox 620 2538 787 2565; x_wconf 90' lang='lat' dir='ltr'><strong>munus.</strong></span> <span class='ocrx_word' id='word_1_283' title='bbox 846 2537 955 2577; x_wconf 91' lang='lat' dir='ltr'><strong>quae</strong></span> <span class='ocrx_word' id='word_1_284' title='bbox 980 2538 1047 2565; x_wconf 89' lang='lat' dir='ltr'><strong>me</strong></span> <span class='ocrx_word' id='word_1_285' title='bbox 1072 2523 1170 2565; x_wconf 85' lang='lat' dir='ltr'><strong>data</strong></span> <span class='ocrx_word' id='word_1_286' title='bbox 1193 2537 1323 2578; x_wconf 88' lang='lat' dir='ltr'><strong>pensa</strong></span> <span class='ocrx_word' id='word_1_287' title='bbox 1346 2522 1581 2565; x_wconf 88' lang='lat' dir='ltr'><strong>trahentem</strong></span> 
     </span>
     <span class='ocr_line' id='line_1_50' title="bbox 353 2578 1552 2622; baseline 0.001 -2"><span class='ocrx_word' id='word_1_288' title='bbox 353 2579 556 2621; x_wconf 89' lang='lat' dir='ltr'><strong>matribus</strong></span> <span class='ocrx_word' id='word_1_289' title='bbox 581 2579 805 2622; x_wconf 85' lang='lat' dir='ltr'><strong>ostendens</strong></span> <span class='ocrx_word' id='word_1_290' title='bbox 829 2579 986 2621; x_wconf 88' lang='lat' dir='ltr'><strong>Ithacis</strong></span> <span class='ocrx_word' id='word_1_291' title='bbox 1012 2579 1150 2622; x_wconf 88' lang='lat' dir='ltr'><strong>“haec</strong></span> <span class='ocrx_word' id='word_1_292' title='bbox 1173 2578 1370 2621; x_wconf 87' lang='lat' dir='ltr'><strong>Hectoris</strong></span> <span class='ocrx_word' id='word_1_293' title='bbox 1393 2578 1465 2621; x_wconf 88' lang='lat' dir='ltr'><strong>illa</strong></span> <span class='ocrx_word' id='word_1_294' title='bbox 1488 2586 1552 2621; x_wconf 91' lang='lat' dir='ltr'><strong>est</strong></span> 
     </span>
     <span class='ocr_line' id='line_1_51' title="bbox 355 2634 1566 2690; baseline 0.001 -14"><span class='ocrx_word' id='word_1_295' title='bbox 355 2636 467 2677; x_wconf 90' lang='lat' dir='ltr'><strong>clara</strong></span> <span class='ocrx_word' id='word_1_296' title='bbox 490 2650 662 2690; x_wconf 90' lang='lat' dir='ltr'><strong>parens,</strong></span> <span class='ocrx_word' id='word_1_297' title='bbox 686 2635 792 2678; x_wconf 88' lang='lat' dir='ltr'><strong>haec</strong></span> <span class='ocrx_word' id='word_1_298' title='bbox 816 2636 909 2678; x_wconf 86' lang='lat' dir='ltr'><strong>est&#39;’</strong></span> <span class='ocrx_word' id='word_1_299' title='bbox 937 2636 1045 2678; x_wconf 90' lang='lat' dir='ltr'><strong>dicet</strong></span> <span class='ocrx_word' id='word_1_300' title='bbox 1070 2635 1316 2678; x_wconf 76' lang='lat' dir='ltr'><strong>“Priameia</strong></span> <span class='ocrx_word' id='word_1_301' title='bbox 1339 2634 1566 2688; x_wconf 61' lang='lat' dir='ltr'><strong>coniunxss&#39;,</strong></span> 
     </span>
     <span class='ocr_line' id='line_1_52' title="bbox 354 2690 1484 2747; baseline 0.001 -15"><span class='ocrx_word' id='word_1_302' title='bbox 354 2698 532 2745; x_wconf 88' lang='lat' dir='ltr'><strong>postque</strong></span> <span class='ocrx_word' id='word_1_303' title='bbox 556 2700 617 2734; x_wconf 86' lang='lat' dir='ltr'><strong>tot</strong></span> <span class='ocrx_word' id='word_1_304' title='bbox 642 2692 816 2734; x_wconf 89' lang='lat' dir='ltr'><strong>amissos</strong></span> <span class='ocrx_word' id='word_1_305' title='bbox 841 2699 888 2734; x_wconf 89' lang='lat' dir='ltr'><strong>tu</strong></span> <span class='ocrx_word' id='word_1_306' title='bbox 911 2706 1043 2742; x_wconf 91' lang='lat' dir='ltr'><strong>nunc,</strong></span> <span class='ocrx_word' id='word_1_307' title='bbox 1068 2706 1176 2747; x_wconf 89' lang='lat' dir='ltr'><strong>quae</strong></span> <span class='ocrx_word' id='word_1_308' title='bbox 1201 2691 1290 2734; x_wconf 89' lang='lat' dir='ltr'><strong>sola</strong></span> <span class='ocrx_word' id='word_1_309' title='bbox 1312 2690 1484 2735; x_wconf 87' lang='lat' dir='ltr'><strong>levabas</strong></span> 
     </span>
     <span class='ocr_line' id='line_1_53' title="bbox 354 2747 1243 2804; baseline 0.003 -17"><span class='ocrx_word' id='word_1_310' title='bbox 354 2755 562 2789; x_wconf 86' lang='lat' dir='ltr'><strong>maternos</strong></span> <span class='ocrx_word' id='word_1_311' title='bbox 586 2748 744 2799; x_wconf 85' lang='lat' dir='ltr'><strong>luctus,</strong></span> <span class='ocrx_word' id='word_1_312' title='bbox 769 2748 935 2790; x_wconf 86' lang='lat' dir='ltr'><strong>hostilia</strong></span> <span class='ocrx_word' id='word_1_313' title='bbox 960 2749 1084 2790; x_wconf 87' lang='lat' dir='ltr'><strong>busta</strong></span> <span class='ocrx_word' id='word_1_314' title='bbox 1107 2747 1243 2804; x_wconf 82' lang='lat' dir='ltr'><strong>piasti.</strong></span> 
     </span>
    </p>
   </div>
   <div class='ocr_carea' id='block_1_11' title="bbox 1737 0 1786 666">
    <p class='ocr_par' dir='ltr' id='par_1_23' title="bbox 1737 0 1786 666">
     <span class='ocr_line' id='line_1_54' title="bbox 1737 0 1786 666; baseline 0 2576"><span class='ocrx_word' id='word_1_315' title='bbox 1737 0 1786 666; x_wconf 95' lang='lat' dir='ltr'><strong> </strong></span> 
     </span>
    </p>
   </div>
  </div>
 </body>
</html>
