1774 3256
332 258 390 302 92
774 265 818 302 P.
844 266 1008 303 ov1D11
1031 265 1248 302 NASONIS

243 362 309 394 105
333 348 424 403 ipsa
448 347 670 390 videbatur
691 353 821 389 terras
847 353 1034 402 spectare
1057 346 1222 389 relictas

334 413 376 446 et
399 404 571 446 comites
596 404 777 445 clamare
802 417 900 444 suas
923 409 1165 457 tactumque
1189 402 1324 444 vereri

333 459 555 502 assilientis
579 473 714 513 aquae
737 458 989 512 timidasque
1012 459 1212 501 reducere
1235 459 1414 524 plantas.

332 515 432 557 fecit
457 523 498 558 et
521 515 719 557 Asterien
743 514 884 569 aquila
906 515 1091 557 luctante
1114 523 1266 557 teneris

332 571 433 613 fecit
456 571 625 613 olorinis
648 570 815 613 Ledam
837 570 1040 613 recubare
1065 571 1143 612 sub
1167 571 1262 612 alis:

241 640 309 673 110
333 627 512 678 addidit,
535 634 584 669 ut
608 626 751 682 Satyri
775 627 932 669 celatus
956 627 1140 683 imagine
1163 626 1383 683 pulchram

330 684 522 739 Iuppiter
545 683 728 739 implerit
750 683 919 738 gemino
942 683 1152 739 Nycteida
1174 683 1278 733 fetu,

330 740 615 795 Amphitryon
638 740 783 790 fuerit,
807 754 904 781 cum
928 746 988 789 te,
1013 739 1255 795 Tirynthia,
1280 739 1404 796 cepit,

331 811 484 838 aureus
508 804 555 838 ut
578 795 778 845 Danaen,
802 796 995 851 Asopida
1017 796 1162 838 luserit
1185 795 1309 851 ignis,

330 851 641 907 Mnemosynen
665 860 820 907 pastor,
844 852 985 894 varius
1009 851 1177 894 Deoida
1200 866 1384 907 serpens.

240 921 306 953 115
333 916 374 950 te
399 922 567 963 quoque
588 915 796 950 mutatum
820 916 955 959 torvo,
978 908 1196 964 Neptune,
1220 907 1399 950 iuvenco

329 965 491 1020 virgine
514 965 558 1006 in
581 965 734 1007 Aeolia
756 965 909 1020 posuit.
967 972 1013 1006 tu
1037 965 1152 1006 visus
1179 964 1370 1020 Enipeus

328 1021 470 1076 gignis
493 1021 690 1070 Aloidas,
715 1021 822 1063 aries
847 1021 1053 1062 Bisaltida
1075 1021 1206 1070 fallis3

329 1084 371 1119 et
394 1084 435 1119 te
459 1077 568 1119 flava
592 1091 732 1119 comas
757 1078 928 1133 frugum
952 1077 1172 1119 mitissima
1194 1083 1330 1119 mater

330 1133 459 1175 sensit
482 1147 657 1187 equum,
683 1134 812 1175 sensit
835 1134 1049 1175 volucrem
1073 1133 1221 1175 crinita
1244 1132 1427 1175 colubris

238 1201 305 1234 120
328 1196 462 1232 mater
485 1189 582 1243 equi
606 1189 806 1240 volucris,
833 1190 960 1232 sensit
983 1190 1181 1245 delphina
1204 1189 1439 1231 Melantho.

328 1245 522 1287 omnibus
545 1245 610 1287 his
634 1245 870 1300 faciemque
895 1261 1015 1288 suam
1039 1246 1274 1299 faciemque
1296 1246 1485 1288 locorum

326 1301 521 1344 reddidit.
580 1309 644 1344 est
666 1302 751 1344 illic
775 1302 951 1356 agrestis
973 1302 1157 1358 imagine
1180 1301 1396 1350 Phoebus,

326 1365 457 1412 utque
481 1358 606 1399 modo
631 1358 839 1413 accipitris
863 1373 1042 1414 pennas,
1067 1358 1192 1399 modo
1215 1365 1335 1413 terga
1357 1357 1490 1400 leonis

235 1481 297 1512 12-
325 1414 529 1512 {iiseeffissz
547 1421 768 1526 ¹31&ssssssss
782 1414 1028 1513 {23²5ssssssss
1050 1414 1352 1512 ffifflssffl‘

281 1491 300 1513 θ
1243 1501 1254 1520 9

324 1533 373 1567 ut
398 1525 607 1568 Saturnus
631 1540 740 1580 equo
764 1526 979 1582 geminum
1045 1527 1192 1568 hirona
1215 1525 1378 1569 crearit.

324 1583 474 1624 ultima
496 1598 594 1638 pars
619 1583 726 1625 telae
750 1583 867 1625 tenui
890 1583 1149 1625 circumdata
1170 1582 1301 1624 limbo

323 1639 533 1680 nexilibus
556 1640 679 1680 fiores
703 1639 867 1682 hederis
890 1639 1018 1681 habet
1041 1639 1300 1682 intertextos.

322 1709 408 1736 non
431 1695 536 1737 illud
559 1694 721 1745 Pallas,
745 1710 830 1737 non
853 1695 957 1737 illud
981 1711 1151 1750 carpere
1174 1695 1281 1737 livor

233 1762 299 1794 130
323 1752 455 1806 possit
479 1765 598 1807 opus.
659 1752 792 1793 doluit
816 1766 1013 1794 successu
1037 1753 1147 1794 flava
1170 1752 1316 1807 virago

324 1817 365 1848 et
388 1807 501 1862 rupit
524 1807 678 1863 pictas,
704 1808 899 1850 caelestia
922 1807 1114 1858 crimina,
1139 1815 1297 1850 vestes:

321 1871 453 1917 utque
478 1861 704 1919 Cytoriaco
728 1864 892 1905 radium
917 1864 969 1906 de
993 1871 1135 1906 monte
1159 1864 1342 1914 tenebat,

321 1927 386 1960 ter
409 1927 557 1974 quater
579 1920 798 1962 Idmoniae
821 1920 1002 1963 frontem
1026 1919 1231 1975 percussit
1253 1918 1487 1963 Arachnes.

321 1989 406 2017 non
430 1975 524 2017 tulit
546 1975 693 2018 infelix
717 1977 952 2030 laqueoque
978 1976 1167 2018 animosa
1188 1976 1336 2031 ligavit

231 2043 296 2075 135
320 2038 504 2086 guttura.
564 2033 815 2087 pendentem
841 2032 985 2075 Pallas
1008 2033 1205 2074 miserata
1227 2031 1384 2075 levavit

322 2095 448 2142 atque
472 2088 531 2130 ita
556 2089 670 2130 ‘vive
695 2088 886 2142 quidem,
910 2089 1047 2144 pende
1072 2096 1233 2139 tamen,
1257 2087 1467 2144 improba’
1492 2087 1618 2131 dixit:

321 2144 495 2198 ‘lexque
521 2144 668 2187 eadem
692 2159 872 2199 poenae,
896 2156 949 2187 ne
973 2145 1029 2186 sis
1055 2159 1202 2187 secura
1223 2144 1368 2195 futuri,

320 2200 432 2242 dicta
455 2209 528 2242 tuo
552 2201 695 2256 generi
721 2201 906 2255 serisque
929 2201 1154 2257 nepotibus
1178 2201 1294 2244 esto.'

318 2264 414 2311 post
439 2271 489 2298 ea
513 2256 731 2299 discedens
757 2258 867 2299 sucis
893 2257 1148 2300 Hecateidos
1172 2257 1328 2300 herbae

228 2324 295 2356 140
319 2312 483 2367 sparsit.
543 2320 584 2355 et
608 2313 818 2369 extemplo
841 2313 948 2355 tristi
970 2314 1247 2356 medicamine
1270 2319 1407 2355 tactae

319 2369 533 2411 defluxere
558 2384 722 2418 comae,
748 2384 844 2411 cum
869 2370 962 2424 quis
987 2378 1029 2412 et
1050 2370 1163 2411 naris
1187 2378 1229 2412 et
1252 2384 1389 2418 aures,

316 2425 446 2479 fitque
471 2434 597 2480 caput
620 2426 854 2468 minimum.
913 2434 1000 2468 toto
1025 2439 1192 2480 quoque
1216 2439 1388 2481 corpore
1411 2439 1543 2482 parva
1565 2431 1651 2468 estt

315 2481 359 2522 in
383 2482 513 2524 latere
538 2482 667 2524 exiles
691 2482 812 2538 digiti
836 2496 912 2537 pro
937 2482 1128 2524 cruribus
1151 2481 1338 2531 haerent,

317 2544 457 2579 cetera
480 2546 626 2580 venter
648 2538 787 2580 habet.
847 2538 899 2581 de
924 2552 1008 2593 quo
1032 2546 1172 2580 tamen
1194 2538 1267 2580 illa
1288 2536 1462 2580 remittit

226 2606 291 2637 145
317 2600 498 2642 stamen,
524 2602 566 2636 et
590 2594 782 2648 antiquas
807 2602 974 2636 exercet
997 2609 1150 2636 aranea
1172 2595 1290 2636 telas.

372 2649 514 2703 Lydia
537 2658 625 2692 tota
643 2650 796 2699 fremit,
820 2650 1120 2706 Phrygiaeque
1142 2665 1218 2706 per
1236 2649 1392 2706 oppida
1413 2649 1515 2692 facti
1548 2659 1676 2696 Niobe.

314 2719 458 2746 rumor
480 2706 512 2746 it
537 2713 578 2747 et
602 2721 803 2761 magnum
828 2707 1089 2748 sermonibus
1114 2713 1293 2762 occupat
1315 2705 1474 2748 orbem.

314 2768 411 2802 ante
436 2775 534 2803 suos
558 2762 696 2805 Niobe
721 2762 925 2805 thalamos
951 2770 1204 2819 cognoverat
1227 2763 1354 2813 illam,
