1786 3242
377 262 462 305 246
820 268 864 303 Ρ.
891 268 1057 304 OVIDII
1080 265 1298 304 NASONIS

377 350 671 406 Naryciusque
694 348 837 398 heros,
864 363 889 390 a
912 347 1090 403 Virgine
1113 347 1276 403 virgine
1300 354 1433 404 rapta,

378 421 506 462 quam
530 405 682 448 meruit
705 419 884 460 poenam
909 404 1036 454 solus,
1061 403 1236 460 digessit
1259 404 1303 446 in
1326 418 1485 455 omnes,

285 477 355 508 470
378 462 635 528 spargimur,
660 468 702 503 et
725 460 860 503 ventis
884 460 1053 502 inimica
1076 475 1151 516 per
1175 473 1357 514 aequora
1380 461 1489 517 rapti

376 518 573 568 fulmina,
597 524 783 566 noctem,
807 516 983 566 imbres,
1007 516 1114 558 iram
1139 516 1326 570 caelique
1351 516 1564 572 marisque

376 574 636 631 perpetimur
658 572 819 623 Danai,
845 572 1146 627 cumulumque
1172 570 1395 628 Capharea
1417 572 1563 616 cladis.

377 645 484 673 neve
509 645 647 672 morer
670 629 856 672 referens
880 628 1019 670 tristes
1044 644 1097 671 ex
1121 628 1266 670 ordine
1290 643 1431 671 casus:
1471 633 1479 641 “

380 685 562 729 Graecia
583 694 674 728 tum
697 685 833 741 potuit
854 684 1026 727 Priamo
1051 699 1219 740 quoque
1243 684 1382 727 flenda
1405 683 1552 728 videri.

285 756 353 788 475
378 758 445 785 me
470 752 611 786 tamen
635 742 854 784 armiferae
881 748 1092 784 servatum
1117 755 1218 783 cura
1241 740 1462 784 Minervae

376 800 573 842 fluctibus
598 798 761 854 eripuit.
820 797 963 853 patriis
988 798 1063 840 sed
1086 812 1230 839 rursus
1254 797 1308 839 ab
1332 797 1445 853 agris

377 856 523 912 pellor,
548 862 590 898 et
613 855 785 910 antiquo
809 868 1015 896 memores
1041 854 1093 896 de
1117 854 1291 896 vulnere
1344 867 1471 897 oenas

378 912 509 967 exigit
533 912 643 954 alma
665 911 834 960 Venus3
857 918 1079 964 tantosque
1103 925 1180 966 per
1202 909 1286 952 alta
1325 909 1473 954 abores

378 982 562 1022 aequora
587 968 786 1017 sustinui,
811 974 949 1009 tantos
974 966 1239 1009 terrestribus
1263 965 1404 1017 armis,

285 1036 355 1068 480
380 1033 427 1066 ut
451 1024 553 1066 mihi
577 1024 720 1066 felices
746 1024 828 1065 sint
850 1023 911 1064 illi
935 1038 1060 1078 saepe
1084 1023 1234 1073 vocati,

378 1095 484 1134 quos
509 1080 742 1123 communis
766 1079 900 1122 hiems
924 1079 1272 1134 importunusque
1298 1077 1546 1135 Caphareus

377 1136 522 1179 mersit
545 1137 678 1191 aquis.
737 1136 972 1190 vellemque
995 1135 1145 1177 horum
1169 1150 1265 1191 pars
1289 1150 1376 1177 una
1398 1134 1592 1179 fuissem!

377 1192 526 1234 ultima
547 1193 631 1234 iam
656 1192 768 1247 passi
792 1192 965 1234 comites
990 1192 1184 1245 belloque
1209 1191 1401 1246 fretoque

379 1248 597 1299 deficiunt,
624 1249 834 1302 finemque
858 1255 1011 1304 rogant
1035 1247 1198 1290 erroris.
1258 1255 1301 1289 at
1326 1248 1496 1290 Acmon

286 1317 354 1349 485
378 1304 566 1347 fervidus
589 1305 771 1360 ingenio,
796 1311 887 1346 tum
912 1318 1010 1346 vero
1036 1311 1077 1346 et
1101 1304 1290 1346 cladibus
1315 1318 1451 1359 asper,

379 1361 515 1415 “quid
539 1368 749 1416 superest,
774 1360 888 1415 quod
911 1360 994 1402 iam
1019 1360 1220 1415 patientia
1243 1367 1384 1403 vestra
1405 1367 1572 1404 recuset

378 1417 507 1468 ferre,
532 1417 666 1459 viri?''
693 1417 810 1458 dixit.
870 1416 1005 1471 “quid
1029 1416 1156 1458 habet
1181 1414 1412 1472 Cytherea,
1436 1416 1552 1471 quod
1575 1416 1699 1469 ultra,

378 1474 485 1516 velle
509 1481 629 1529 puta,
655 1473 806 1515 faciat?
829 1488 927 1515 nam
952 1473 1064 1514 dum‘
1078 1472 1222 1528 peiora
1245 1472 1458 1523 timentur,

379 1538 442 1572 est
464 1530 508 1571 in
532 1537 631 1571 vota
653 1530 790 1579 locus3
816 1544 905 1571 sors
929 1536 1072 1572 autem
1095 1529 1169 1570 ubi
1192 1528 1375 1584 pessima
1396 1543 1552 1579 rerum,

286 1598 354 1630 490
379 1586 458 1628 sub
482 1586 660 1641 pedibus
685 1586 809 1628 timor
832 1594 914 1635 est,
939 1599 1171 1640 securaque
1195 1599 1361 1627 summa
1382 1585 1604 1628 malorum.

378 1642 522 1684 audiat
545 1643 655 1698 ipsa,
679 1642 795 1692 licet3
821 1650 877 1693 et,
902 1642 1016 1696 quod
1039 1641 1160 1691 facit,
1185 1641 1319 1684 oderit
1341 1655 1486 1684 omnes

380 1699 458 1740 sub
482 1698 693 1741 Diomede
718 1699 848 1740 viros:
875 1699 1017 1740 odium
1044 1706 1184 1740 tamen
1208 1697 1321 1740 illius
1345 1711 1490 1740 omnes

379 1755 633 1810 spernimus:
659 1763 701 1797 et
725 1770 878 1810 magno
904 1762 983 1796 stat
1009 1769 1164 1810 magna
1186 1753 1374 1810 potentia
1396 1753 1574 1797 nob1s1”

378 1811 533 1853 talibus
557 1811 706 1853 iratam
730 1811 942 1854 Venerem
965 1810 1218 1853 Pleuronius
1242 1811 1412 1852 Acmon

287 1879 354 1911 495
378 1867 609 1909 instimulat
633 1867 772 1910 verbis
795 1874 1066 1921 veteremque
1089 1866 1311 1909 resuscitat
1331 1866 1450 1909 iram.

379 1924 491 1965 dicta
513 1924 680 1979 placent
702 1924 867 1978 paucis:
892 1923 1056 1965 numeri
1081 1922 1248 1964 maioris
1274 1922 1397 1964 amici

378 1981 574 2021 Acmona
598 1980 856 2035 corripimus.
916 1979 985 2021 cui
1007 1979 1260 2034 respondere
1283 1978 1440 2021 volenti

378 2050 463 2078 vox
485 2036 641 2090 pariter
665 2036 863 2090 vocisque
888 2035 957 2077 via
981 2043 1044 2078 est
1067 2043 1257 2084 tenuata;
1283 2048 1513 2089 comaeque

378 2092 422 2133 in
447 2092 611 2147 plumas
635 2092 791 2134 abeunt
800 2108 811 2142 3
837 2091 990 2147 plumis
1014 2105 1125 2133 nova
1149 2091 1256 2133 colla
1280 2098 1480 2146 teguntur

288 2147 633 2204 5oo'pectoraque
658 2156 700 2190 et
722 2156 887 2204 tergum
895 2164 906 2197 3
931 2148 1110 2190 maiores
1134 2147 1330 2189 bracchia
1353 2161 1514 2203 pennas

379 2204 607 2260 accipiunt,
633 2204 849 2258 cubitique
872 2204 986 2246 leves
1011 2204 1230 2246 sinuantur
1253 2203 1297 2245 in
1321 2203 1408 2245 alas
1416 2219 1428 2254 ;

377 2275 533 2316 magna
556 2261 712 2316 pedum
738 2260 891 2316 digitos
915 2275 1011 2316 pars
1037 2267 1233 2315 occupat3
1258 2273 1415 2314 oraque
1439 2273 1570 2302 cornu

377 2317 572 2359 indurata
594 2317 733 2372 rigent
756 2317 967 2371 finemque
991 2316 1035 2358 in
1058 2317 1252 2359 acumine
1275 2322 1450 2372 ponunt.

377 2373 490 2416 hunc
513 2373 678 2428 Lycus,
703 2373 815 2415 hunc
841 2373 938 2414 Idas
964 2379 1004 2415 et
1028 2388 1124 2415 cum
1148 2372 1399 2415 Rhexenore
1421 2372 1626 2427 Nycteus,

286 2442 352 2474 505
377 2429 491 2472 hunc
514 2430 687 2471 miratur
712 2430 850 2471 Abas:
877 2437 919 2472 et
942 2429 1042 2471 dum
1067 2429 1283 2478 mirantur,
1308 2428 1485 2471 eandem

378 2485 589 2541 accipiunt
612 2485 777 2528 faciem.
836 2500 1121 2540 numerusque
1145 2500 1197 2527 ex
1220 2484 1390 2540 agmine
1412 2484 1546 2527 maior

378 2542 572 2584 subvolat
595 2550 637 2584 et
660 2557 796 2584 remos
820 2542 977 2597 plausis
1002 2541 1275 2583 circumvolat
1298 2540 1386 2583 alis.

378 2599 413 2640 si
436 2598 655 2640 volucrum
679 2612 788 2652 quae
812 2598 865 2640 sit
889 2598 1124 2640 subitarum
1147 2597 1302 2647 forma,
1325 2596 1520 2651 requiris:

377 2662 425 2696 ut
447 2668 532 2696 non
556 2669 804 2709 cycnorum,
829 2654 890 2697 sic
913 2654 1019 2696 albis
1043 2653 1235 2709 proxima
1258 2653 1414 2709 cycnis.

284 2724 353 2755 510
377 2711 449 2751 vix
473 2710 667 2764 equidem
691 2711 767 2752 has
792 2711 912 2753 sedes
937 2717 979 2752 et
1001 2710 1174 2765 Iapygis
1198 2709 1315 2751 arida
1337 2707 1484 2751 Dauni

376 2782 476 2809 arva
500 2781 630 2822 gener
654 2775 775 2809 teneo
800 2767 972 2808 minima
997 2781 1092 2808 cum
1116 2773 1235 2821 parte
1260 2764 1475 2808 meorum.'
