1786 3242
255 327 299 359 10

257 608 298 639 15

258 890 302 922 20

257 1171 300 1203 25

234 1251 242 1272 1

257 1451 301 1483 30

256 1733 299 1765 35

317 223 407 278 ⁴126
512 253 516 257 -
715 244 718 246 ·
765 231 811 267 P;
837 229 1002 267 ov11>11
1025 228 1241 266 NAsoms

323 314 448 357 crinis
471 313 735 362 inhaerebat,
758 311 903 367 magni
925 309 1079 352 fiducia
1100 309 1234 366 regni.

382 369 514 414 Sexta
536 384 655 412 resur
686 368 813 410 ebant
835 366 1005 409 orientis
1029 381 1186 409 cornua
1207 367 1347 418 lunae,

323 434 365 469 et
387 426 600 482 pendebat
622 440 647 466 a
677 423 760 466 huc
783 423 883 466 belli
905 422 1093 472 fortuna,
1117 422 1274 478 diuque

323 483 432 525 inter
454 489 681 535 utrumque
704 481 818 522 volat
843 479 981 521 dubiis
1004 478 1195 522 Victoria
1217 478 1381 535 pennis.

322 538 440 595 regia
463 537 588 580 turris
611 544 701 579 erat
720 536 939 579 ¹vocalibus
964 535 1106 578 addita
1129 535 1274 586 muris,

323 595 367 637 in
392 594 545 650 quibus
569 600 758 636 auratam
783 592 922 649 proles
946 591 1098 634 Letoia
1120 591 1254 634 fertur

323 650 567 707 deposuisse
589 650 745 705 lyram:
770 663 872 691 saxo
898 663 1025 690 sonus
1050 647 1138 690 eius
1161 647 1354 692 inhaesit.

324 722 451 763 saepe
474 707 573 749 illuc
596 706 718 748 solita
742 712 803 748 est
829 705 1054 747 ascendere
1077 704 1164 746 filia
1186 704 1281 747 Nisi

324 772 366 806 et
388 770 529 820 petere
554 763 708 818 exiguo
731 761 971 804 resonantia
995 776 1097 803 saxa
1119 761 1275 817 lapillo,

323 828 414 862 tum
438 834 535 862 cum
558 834 642 875 pax
666 826 788 861 esset.
846 817 957 860 bello
982 832 1149 872 quoque
1174 832 1300 873 saepe
1325 817 1487 862 solebat

327 883 516 933 spectare
541 890 594 918 ex
616 876 688 917 illa
710 874 835 931 rigidi
859 874 1087 917 certamina
1110 874 1276 916 Martis.

323 933 491 988 iamque
515 946 633 974 mora
655 931 755 974 belli
778 945 998 987 procerum
1022 944 1190 985 quoque
1214 930 1386 973 nomina
1406 937 1531 974 norat

324 1003 524 1044 armaque
547 1002 761 1043 equosque
786 987 1036 1042 habitusque
1061 985 1375 1043 Cydoneasque
1395 987 1629 1044 pharetras.

322 1052 498 1088 noverat
521 1052 616 1087 ante
640 1044 742 1086 alios
766 1043 918 1086 faciem
942 1043 1060 1085 ducis
1083 1043 1311 1100 Europaei,

323 1103 418 1158 plus
442 1102 588 1151 etiam,
612 1115 740 1155 quam
763 1115 887 1143 nosse
911 1107 977 1142 sat
1000 1107 1076 1143 est.
1134 1100 1213 1143 hac
1237 1100 1375 1143 iudice
1397 1099 1557 1152 Minos,

325 1173 400 1201 seu
425 1164 552 1213 caput
575 1157 794 1199 abdiderat
818 1157 987 1199 cristata
1011 1156 1172 1199 casside
1195 1157 1359 1212 pennis,

322 1215 367 1256 in
391 1214 514 1270 galea
537 1213 745 1255 formosus
770 1220 877 1255 erat:
905 1228 979 1255 seu
1004 1221 1240 1269 sumpserat
1263 1228 1359 1256 aere

323 1270 556 1326 fulgentem
581 1270 779 1325 clipeum,
805 1269 984 1324 clipeum
1009 1269 1238 1325 sumpsisse
1262 1269 1451 1313 decebat.

324 1333 502 1369 torserat
525 1326 717 1368 adductis
741 1325 908 1367 hastilia
930 1326 1044 1368 lenta
1066 1326 1252 1368 lacertis:

323 1382 525 1425 laudabat
548 1382 668 1438 virgo
691 1382 877 1424 iunctam
902 1396 998 1424 cum
1023 1381 1182 1424 viribus
1207 1389 1353 1425 artem.

324 1439 519 1495 imposito
543 1438 704 1481 calamo
728 1439 894 1494 patulos
919 1438 1158 1480 sinuaverat
1181 1453 1322 1481 arcus:

324 1495 384 1538 sic
406 1495 631 1537 Phoebum
655 1495 830 1550 sumptis
854 1494 1020 1536 iurabat
1045 1501 1155 1537 stare
1179 1495 1355 1551 sagittis.

325 1566 422 1594 cum
446 1566 545 1594 vero
570 1551 722 1595 faciem
747 1551 917 1607 dempto
941 1551 1174 1593 nudaverat
1198 1566 1294 1594 aere

323 1622 645 1664 purpureusque
669 1607 754 1650 albi
779 1607 916 1650 stratis
940 1607 1122 1663 insignia
1144 1607 1266 1663 pictis

323 1674 444 1721 terga
466 1664 681 1720 premebat
706 1664 803 1719 equi
827 1664 1149 1720 spumantiaque
1173 1678 1247 1706 ora
1269 1663 1458 1721 regebat,

323 1722 395 1763 vix
421 1736 516 1771 sua,
541 1720 612 1762 vix
636 1735 763 1763 sanae
787 1720 907 1776 virgo
931 1720 1076 1762 Nise‘ia
1100 1734 1269 1776 compos

245 1827 250 1834 ί
324 1777 474 1820 mentis
499 1784 601 1819 erat.
660 1777 762 1819 felix
785 1777 987 1827 iaculum,
1012 1777 1125 1831 quod
1148 1783 1338 1832 tangeret
1361 1776 1445 1827 ille,

253 2015 300 2046 40

252 2297 297 2328 45

251 2578 297 2610 50

323 1847 516 1888 quaeque
540 1848 670 1875 manu
692 1840 918 1889 premeret,
942 1833 1082 1875 felicia
1104 1832 1224 1875 frena
1247 1833 1439 1875 vocabat.

322 1890 504 1946 impetus
528 1897 592 1931 est
614 1889 692 1938 illi,
716 1889 840 1931 liceat
862 1889 1007 1939 modo,
1032 1889 1141 1931 serre
1164 1904 1240 1945 per
1263 1904 1418 1945 agmen

322 1945 535 2002 virgineos
560 1945 710 1987 hostile
733 1945 890 2001 gradus
899 1962 910 1996 3
937 1953 1000 1988 est
1023 1946 1204 2001 impetus
1227 1945 1288 1987 illi

323 2003 506 2044 turribus
531 2016 554 2044 e
579 2002 751 2044 summis
776 2002 818 2043 in
845 2000 1008 2044 Gnosia
1032 2002 1197 2044 mittere
1221 2016 1372 2058 corpus

324 2066 480 2109 castra,
505 2059 572 2100 vel
598 2065 759 2100 aeratas
784 2057 894 2099 hosti
917 2058 1132 2101 recludere
1156 2065 1313 2114 portae,

322 2115 390 2157 vel
415 2114 450 2156 si
473 2114 574 2169 quid
599 2114 743 2156 Minos
768 2114 882 2156 aliud
906 2115 1018 2156 velit.
1077 2121 1207 2169 utque
1232 2114 1407 2157 sedebat

323 2171 502 2213 candida
525 2170 695 2213 Dictaei
720 2178 914 2226 spectans
937 2170 1116 2213 tentoria
1138 2171 1263 2226 regis,

323 2227 498 2276 ‘laeter‚’
524 2227 582 2268 ait
605 2227 860 2277 ‘dolcamne,
884 2227 974 2282 geri
997 2227 1254 2269 lacrimabile
1277 2227 1449 2277 bellum,

321 2283 366 2325 in
391 2283 518 2325 dubio
543 2290 624 2325 est:
650 2283 790 2333 doleo,
814 2283 928 2338 quod
951 2283 1095 2325 Minos
1119 2283 1251 2325 hostis
1275 2283 1432 2326 amanti
1456 2290 1532 2327 est.

322 2340 396 2383 sed
419 2340 500 2382 nisi
523 2339 634 2382 bella
657 2339 813 2390 forent,
837 2354 1068 2394 numquam
1092 2339 1194 2381 mihi
1218 2339 1411 2395 cognitus
1435 2340 1563 2384 esset!

321 2411 390 2439 me
415 2403 556 2439 tamen
579 2403 753 2452 accepta
775 2402 939 2451 poterat
964 2396 1173 2461 deponere
1196 2396 1354 2438 bellum

321 2452 486 2495 obside:
511 2467 579 2495 me
604 2452 819 2502 comitem,
843 2468 911 2494 me
935 2467 1050 2508 pacls
1073 2452 1227 2508 pignus
1250 2452 1438 2496 haberet.

321 2509 357 2550 si
381 2524 490 2564 quae
512 2516 553 2551 te
577 2508 757 2564 peperit,
781 2509 894 2558 talis,
919 2509 1198 2564 pulcherrime
1221 2523 1374 2559 rerum,

322 2565 458 2620 qualis
482 2580 527 2607 es
550 2565 660 2620 ipse,
684 2564 783 2615 fuit,
808 2565 954 2607 merito
978 2565 1082 2607 deus
1107 2565 1207 2607 arsit
1229 2564 1273 2606 in
1296 2565 1381 2607 illa.

323 2636 347 2663 0
373 2635 453 2677 ego
477 2628 541 2664 ter
563 2621 684 2671 felix,
709 2621 745 2663 si
768 2621 918 2677 pennis
941 2622 1061 2687 lapsa
1083 2636 1160 2677 per
1183 2636 1307 2663 auras

326 2676 528 2720 Gnosiaci
552 2692 718 2733 possem
744 2677 889 2720 castris
912 2677 1102 2720 inslstere
1125 2678 1236 2733 regis
1244 2693 1256 2728 ς

322 2733 519 2789 fassaque
543 2748 611 2776 me
635 2734 910 2790 flammasque
933 2749 1067 2785 meas,
1093 2748 1177 2790 qua
1201 2734 1315 2786 dote,
1339 2748 1549 2790 rogarem,
