1774 3256
369 229 397 272 6
815 234 859 269 Ρ.
886 232 1051 270 OVIDII
1073 231 1289 269 NASONIS

278 332 348 364 210
371 318 484 374 quod
508 324 648 359 tamen
672 315 920 363 admissum,
945 327 1054 368 quae
1078 312 1130 354 sit
1155 312 1358 363 vindicta,
1383 312 1558 358 docebo.

372 374 606 429 contigerat
629 378 791 414 nostras
815 369 990 412 infamia
1013 369 1213 424 temporis
1237 384 1378 412 aures:

371 445 498 485 quam
524 428 696 484 cupiens
721 427 891 476 falsam,
917 439 1081 466 summo
1107 425 1280 467 delabor
1303 423 1492 483 Olympo

333 511 335 516 =
372 494 414 529 et
437 486 540 528 deus
564 484 749 525 humana
771 483 903 524 lustro
927 481 1007 523 sub
1031 481 1215 537 imagine
1238 488 1384 524 terras.

370 542 499 597 longa
521 554 639 582 mora
662 548 743 589 est,
768 545 973 593 quantum
995 552 1132 580 noxae
1156 538 1210 579 sit
1232 537 1389 593 ubique
1412 545 1638 596 repertum,

281 611 348 643 215
373 611 634 641 enumerare:
659 595 796 637 minor
818 594 899 636 fuit
921 594 1013 649 ipsa
1035 593 1209 636 infamia
1232 608 1346 637 vero.
1735 621 1753 650 V

371 653 572 696 Maenala
595 652 841 694 transieram
864 650 1035 692 latebris
1059 649 1266 693 horrenda
1288 650 1475 695 ferarum
1547 654 1755 715 (Lycaonfflgi

373 717 415 753 et
438 725 534 753 cum
560 707 735 763 Cyllene
758 707 886 763 gelidi
910 706 1052 762 pineta
1075 705 1249 763 Lycaei.
1736 716 1743 747 ἴ

372 766 566 809 Arcados
590 764 687 806 hinc
710 764 830 806 sedes
855 771 897 806 et
919 762 1131 818 inhospita
1154 770 1264 806 tecta
1287 770 1303 805 t
1356 763 1455 806 anni

374 822 599 878 ingredior,
625 820 838 862 traherent
862 834 959 862 cum
984 834 1077 862 sera
1100 833 1302 875 crepuscu
1321 836 1347 863 a
1369 830 1549 865 noctem.

283 893 351 926 220
375 880 495 935 signa
519 878 634 927 dedi,
658 877 822 919 venisse
847 876 992 926 deum,
1016 876 1255 932 vulgusque
1279 876 1439 932 precari

376 942 581 990 coeperat.
639 933 783 975 irridet
805 932 941 988 primo
994 932 1036 974 ia
1059 939 1157 974 vota
1179 932 1370 989 Lycaon,

375 1006 474 1033 mox
498 991 557 1033 ait
580 989 819 1044 “expet-iar,
844 988 948 1031 deus
1002 989 1059 1038 ic,
1085 989 1323 1032 discrimine
1347 997 1506 1046 aperto,

375 1063 430 1090 an
454 1048 506 1090 sit
529 1046 727 1088 mortalis.
786 1060 866 1088 nec
889 1045 968 1088 erit
991 1045 1222 1087 dubitabile
1245 1045 1433 1088 verum.''

374 1111 496 1146 nocte
520 1118 694 1159 gravem
718 1116 864 1144 somno
889 1101 1096 1158 necopina
1118 1102 1293 1158 perdere
1316 1109 1451 1146 morte

285 1174 352 1206 225
375 1176 444 1204 me
467 1166 589 1216 parat
611 1158 735 1213 (haec
758 1159 818 1201 illi
842 1159 980 1214 placet
1003 1158 1259 1214 experientia
1282 1158 1404 1215 veri),

376 1232 454 1259 nec
478 1223 698 1258 contentus
723 1229 786 1265 eo,
810 1215 926 1257 missi
951 1215 1003 1257 de
1026 1222 1153 1270 gente
1176 1215 1368 1258 Molossa

377 1273 533 1315 obsidis
557 1273 681 1314 unius
705 1272 898 1327 iugulum
923 1285 1122 1313 mucrone
1145 1271 1328 1322 resolvit,

378 1337 505 1384 atque
528 1329 587 1371 ita
610 1329 839 1371 semineces
863 1327 1016 1384 partim
1038 1328 1297 1370 ferventibus
1321 1334 1436 1371 artus

377 1386 511 1427 mollit
535 1386 674 1440 aquis,
697 1384 849 1441 partim
874 1383 1233 1427 subiecto'torruit
1254 1384 1356 1450 igni.

287 1458 354 1490 230
378 1457 484 1497 quos
509 1442 633 1484 simul
656 1441 854 1507 imposuit
877 1441 1052 1490 mensis,
1077 1455 1156 1497 ego
1180 1441 1345 1483 vindlce
1367 1441 1538 1484 flamma

376 1499 420 1541 in
445 1499 661 1540 dominum
685 1499 919 1554 dlgnosque
943 1497 1074 1540 everti
1097 1505 1208 1539 tecta
1231 1497 1429 1540 Penates.
1760 1535 1769 1542 ,,

378 1555 544 1597 territus
569 1555 659 1611 ipse
684 1554 813 1610 fugit,
837 1560 1070 1609 nactusque
1094 1553 1258 1596 silentia
1281 1553 1390 1596 ruris
1759 1555 1771 1608 f

378 1612 565 1654 exululat
588 1611 827 1665 frustraque
852 1610 969 1664 loqui
993 1617 1179 1652 conatur.
1238 1609 1292 1652 ab
1315 1609 1408 1666 ipso
1759 1610 1770 1628 *

378 1668 536 1723 colligit
559 1682 605 1709 os
629 1667 808 1717 rabiem,
834 1667 1064 1720 solitaeque
1089 1666 1284 1722 cupidine
1308 1665 1447 1709 caedis
1758 1707 1765 1725 ι

287 1739 353 1771 235
378 1725 554 1767 vertitur
576 1724 620 1765 in
643 1724 827 1780 pecudes
852 1730 893 1765 et
915 1737 1028 1764 nunc
1052 1737 1219 1779 quoque
1243 1722 1449 1779 sanguine
1472 1720 1644 1778 gaudet.
1756 1728 1774 1799 ἑ

1717 364 1728 403 ὅ

1724 443 1731 485 1,
1735 447 1753 519 ἐξ,

1723 518 1747 549 ‘za‘

1737 724 1753 768 ''Pst-

1740 1311 1749 1328 ὴ
1727 772 1766 1287 ·².1>·-·a‘2zss·a.“÷ss2³rs·v·‘vves-*Jove

1742 1454 1750 1463 ’
1744 1376 1757 1427 κ
1741 1294 1766 1362 ..ψ-τ

377 1781 421 1822 in
444 1781 564 1822 villos
589 1780 745 1823 abeunt
768 1786 925 1829 vestes,
948 1779 992 1820 in
1016 1793 1138 1821 crura
1160 1779 1323 1821 lacerti:
1755 1794 1774 1825 νγ

377 1837 425 1879 fit
447 1837 572 1893 lupus
598 1844 639 1879 et
663 1836 814 1879 veteris
839 1843 977 1878 servat
1000 1835 1178 1891 vestigia
1201 1835 1374 1878 formae.
1756 1809 1774 1875 i

379 1893 550 1935 canities
575 1893 723 1935 eadem
748 1900 828 1942 est,
853 1892 1000 1935 eadem
1025 1891 1223 1934 violentia
1245 1892 1402 1941 vultus,
1749 1874 1774 1988 Ξ

378 1950 490 1992 idem
515 1949 625 1992 oculi
648 1950 808 1999 lucent,
833 1949 982 1991 eadem
1005 1948 1181 1990 feritatis
1205 1947 1346 2004 imago
1371 1954 1446 1990 est.

289 2021 355 2053 240
379 2006 531 2048 occidit
554 2021 639 2047 una
663 2006 831 2047 domus:
857 2004 932 2047 sed
954 2019 1039 2046 non
1064 2005 1214 2046 domus
1237 2019 1323 2046 una
1345 2003 1481 2060 perire
1748 2031 1751 2043 2
1764 2040 1774 2062 z

379 2063 508 2118 digna
530 2062 611 2104 fuit
632 2086 691 2092 —-
713 2076 798 2117 qua
821 2068 932 2103 terra
954 2067 1089 2116 patet,
1113 2060 1205 2103 fera
1226 2067 1378 2118 regnat
1400 2058 1570 2115 Erinys.
1751 2070 1774 2116 ag

378 2119 421 2160 in
444 2118 608 2160 facinus
632 2119 791 2160 iurasse
815 2125 950 2173 putes.
1010 2117 1109 2160 dent
1132 2117 1248 2159 ocius
1273 2131 1431 2167 omnes,

379 2189 484 2229 quas
507 2189 697 2217 meruere
721 2174 809 2230 pati
832 2173 912 2228 (sic
937 2180 1018 2215 stat
1040 2173 1278 2228 sententia),
1301 2171 1486 2230 poenas!
1744 2194 1774 2230 2·ss

429 2230 558 2273 Dicta
570 2231 684 2273 Iovis
698 2245 794 2287 pars
808 2245 910 2272 voce
922 2230 1101 2285 probant
1113 2229 1387 2284 stimulosque
1399 2226 1595 2272 frementi
1631 2226 1737 2280 Djffl·

289 2302 355 2333 245
380 2287 582 2336 adiciunt,
608 2287 678 2330 alii
701 2293 840 2342 partes
865 2286 1103 2328 assensibus
1127 2286 1314 2342 implent.
1633 2281 1736 2306 mum·
1756 2285 1774 2346 3

379 2350 443 2386 est
465 2350 605 2386 tamen
630 2343 803 2385 humani
826 2343 991 2399 generis
1015 2342 1177 2384 iactura
1201 2341 1334 2384 dolori
1755 2348 1774 2391 ξ

379 2399 591 2449 omnibus,
616 2407 675 2450 et,
700 2414 809 2454 quae
834 2399 887 2441 sit
909 2406 1044 2441 terrae
1067 2398 1312 2440 mortalibus
1336 2397 1462 2440 orbae
1759 2399 1761 2402 ⁴

378 2456 514 2497 forma
536 2456 697 2506 futura,
722 2463 891 2511 rogant3
915 2454 1010 2509 quis
1034 2454 1087 2496 sit
1108 2455 1269 2497 laturus
1292 2453 1337 2496 in
1360 2469 1454 2496 aras

378 2518 490 2562 tura3
515 2511 669 2554 ferisne
693 2519 811 2567 paret
835 2510 1096 2567 populandas
1120 2511 1284 2554 tradere
1307 2517 1453 2554 terras.

289 2581 356 2613 250
379 2568 480 2609 talia
503 2576 750 2622 quaerentes
775 2567 875 2620 (sibi
900 2567 1012 2610 enim
1035 2567 1125 2610 fore
1150 2574 1288 2610 cetera
1311 2567 1456 2621 curae)

378 2638 453 2665 rex
477 2638 674 2678 superum
698 2623 905 2679 trepidare
930 2630 1061 2673 vetat,
1087 2623 1359 2678 subolemque
1383 2621 1510 2680 priori

380 2679 624 2722 dissimilem
647 2681 801 2735 populo
826 2679 1029 2735 promittit
1051 2679 1211 2735 origine
1233 2680 1352 2722 mira.

379 2735 548 2791 iamque
573 2744 662 2779 erat
684 2736 728 2777 in
752 2742 858 2778 totas
885 2750 1104 2791 sparsurus
1129 2735 1306 2778 fulmina
1329 2743 1478 2779 terras:

1758 3100 1774 3256 msam-,a
1766 3035 1774 3059 ,m
1768 3023 1774 3030 ,Δ
1771 2998 1774 3003 .
