1786 3242
254 527 324 559 '295

259 807 327 840 300

262 1088 326 1120 305

264 1650 328 1681 315

265 1931 330 1963 320

266 2212 330 2243 325

265 2494 331 2525 330

266 2774 330 2805 335

349 255 434 299 242
774 262 818 297 Ρ.
845 261 1009 298 OV1D11
1033 258 1265 301 NASONIS.

348 346 463 401 moly
486 350 638 387 vocant
662 343 821 399 superi:
846 342 968 398 nigra
991 341 1131 384 radice
1155 347 1332 383 tenetur.

348 410 464 444 tutus
488 415 538 444 eo
561 399 813 454 monitisque
838 397 962 440 simul
987 396 1236 440 caelestibus
1259 397 1387 439 intrat

348 458 419 500 ille
443 457 614 499 domum
640 454 806 505 Circes,
830 461 872 497 et
896 454 951 496 ad
974 453 1174 495 insidiosa
1196 460 1370 495 vocatus

349 513 519 569 pocula,
544 519 765 555 conantem
788 510 909 566 virga
932 510 1116 552 mulcere
1142 509 1314 565 capillos

348 569 531 625 reppulit
554 575 596 611 et
620 568 762 610 stricto
787 566 985 623 pavidam
1009 566 1211 608 deterruit
1234 580 1346 608 ense.

348 625 446 668 inde
468 625 573 667 fides
598 624 854 678 dextraeque
880 623 1020 665 datae:
1046 622 1315 677 thalamoque
1338 628 1534 678 receptus

351 681 535 737 coniugii
560 680 702 723 dotem
725 680 932 722 sociorum
957 693 1132 734 corpora
1155 678 1302 734 poscit.

351 738 589 794 spargimur
612 737 781 792 ignotae
806 735 916 778 sucis
940 735 1183 778 melioribus
1207 734 1363 777 herbae

350 794 691 851 percutimurque
716 800 844 848 caput
867 806 1093 834 conversae
1117 791 1291 834 verbere
1314 791 1472 847 virgae,

350 850 563 905 verbaque
589 849 784 891 dicuntur
808 849 929 891 dictis
955 848 1162 890 contraria
1185 847 1338 890 verbis.

351 921 436 962 quo
460 906 596 962 magis
619 906 691 948 illa
714 905 844 954 canit,
869 904 1004 959 magis
1028 904 1108 946 1100
1131 904 1279 946 tellure
1302 903 1429 946 levati

352 963 569 1019 erigimur,
595 969 817 1016 saetaeque
843 961 1017 1011 cadunt,
1043 960 1275 1015 bifidosque
1298 959 1496 1014 relinquit

351 1019 459 1061 rima
512 1019 629 1069 edes,
653 1018 831 1061 redeunt
854 1017 988 1059 umeri
1012 1024 1052 1058 et
1076 1017 1266 1059 subiecta
1287 1016 1452 1059 lacertis

351 1075 478 1118 bracc
508 1075 549 1117 ia
573 1082 682 1117 sunt.
740 1074 909 1116 flentem
933 1074 1080 1115 flentes
1104 1072 1394 1128 amplectimur
1417 1071 1498 1128 ipsi

350 1132 656 1185 haeremusque
681 1130 798 1172 ducis
824 1130 943 1172 collo.
1003 1144 1081 1172 nec
1106 1129 1236 1172 verba
1259 1129 1389 1171 locuti

351 1188 438 1229 ulla
461 1187 602 1243 priora
626 1201 791 1236 sumus,
816 1200 944 1240 quam
966 1200 1043 1227 nos
1066 1186 1262 1228 testantia
1284 1192 1440 1241 gratos.

352 1259 493 1286 annua
516 1258 592 1285 nos
616 1243 700 1284 illic
724 1242 859 1285 tenuit
881 1256 1018 1284 mora:
1043 1242 1258 1296 multaque
1282 1252 1480 1297 praesens

351 1307 540 1355 tempore
564 1307 651 1341 tam
674 1299 802 1354 longo
827 1299 931 1348 vidi,
955 1299 1088 1340 multa
1111 1298 1283 1340 auribus
1307 1297 1441 1340 hausi.

352 1356 433 1398 hoc
457 1369 624 1410 quoque
649 1369 745 1397 cum
768 1354 929 1404 multis,
955 1354 1069 1409 quod
1094 1354 1201 1396 clam
1225 1354 1328 1396 mihi
1350 1353 1511 1396 rettulit
1534 1368 1623 1396 una

353 1419 551 1467 quattuor
575 1427 598 1454 e
622 1411 791 1453 famulis
815 1411 870 1453 ad
893 1411 992 1452 talia
1017 1425 1136 1453 sacra
1158 1411 1329 1466 paratis.

354 1484 451 1511 cum
476 1468 583 1510 duce
606 1482 789 1522 namque
813 1482 907 1509 meo
933 1465 1058 1509 Girce
1082 1467 1184 1508 dum
1209 1467 1297 1509 sola
1320 1472 1520 1516 moratur,

351 1525 425 1567 illa
447 1524 550 1566 mihi
573 1524 696 1566 niveo
720 1524 879 1566 factum
904 1523 956 1566 de
980 1537 1187 1565 marmore
1211 1523 1379 1578 signum

353 1581 536 1624 ostendit
559 1580 772 1630 iuvenale,
797 1595 949 1635 gerens
973 1580 1017 1621 in
1041 1579 1196 1622 vertice
1219 1579 1376 1635 picum,

355 1637 458 1680 aede
483 1652 603 1679 sacra
626 1637 810 1692 positum
833 1636 1059 1690 multisque
1082 1636 1246 1692 insigne
1271 1634 1448 1678 coronis.

353 1693 449 1749 quis
473 1694 583 1736 foret
608 1702 649 1736 et
672 1707 803 1747 quare
829 1707 948 1735 sacra
972 1693 1180 1734 coleretur
1202 1692 1246 1733 in
1271 1691 1388 1742 aede,

355 1765 430 1792 cur
452 1750 562 1792 hanc
585 1749 713 1792 ferret
736 1764 877 1799 avem,
902 1748 1119 1803 quaerenti
1144 1756 1185 1790 et
1209 1748 1314 1791 scire
1339 1747 1496 1790 volenti

355 1806 574 1862 “accipe,”
599 1806 657 1847 ait
680 1805 936 1854 “Macareu,
963 1804 1242 1858 dominaeque
1266 1804 1454 1860 potentia
1477 1817 1586 1859 quae
1610 1803 1678 1854 sit,

354 1863 453 1904 hinc
477 1877 646 1916 quoque
671 1861 784 1903 disce
808 1876 946 1903 meae:
971 1867 1018 1902 tu
1043 1860 1164 1902 dictis
1188 1861 1307 1903 adice
1331 1867 1528 1903 mentem.

410 1918 541 1961 Picus
565 1918 608 1959 in
632 1917 853 1967 Ausoniis,
878 1917 1015 1973 proles
1041 1915 1259 1966 Saturnia,
1284 1916 1404 1959 terris
1575 1926 1721 1969 (Picus.)

354 1990 429 2017 rex
453 1974 552 2024 fuit,
578 1974 744 2016 utilium
769 1974 880 2015 bello
905 1973 1116 2015 studiosus
1141 1987 1357 2027 equorum.

355 2032 491 2072 forma
515 2030 618 2079 viro,
643 2045 770 2084 quam
795 2029 948 2079 cernis,
973 2036 1075 2072 erat.
1133 2029 1231 2071 licet
1253 2029 1343 2085 ipse
1368 2029 1563 2072 decorem

355 2087 554 2143 aspicias,
579 2087 760 2141 fictaque
785 2086 938 2141 probes
964 2086 1018 2127 ab
1041 2085 1226 2141 imagine
1250 2100 1406 2128 veram.

353 2158 432 2199 par
455 2143 620 2185 animus
643 2142 816 2184 formae.
875 2156 954 2184 nec
978 2141 1116 2183 adhuc
1141 2149 1351 2197 spectasse
1373 2156 1450 2197 per
1473 2155 1608 2183 annos

356 2199 669 2254 quinquennem
693 2205 857 2254 poterat
882 2197 1036 2241 Graios
1061 2205 1210 2252 quater
1233 2198 1357 2241 edere
1380 2212 1581 2254 pugnam.

354 2256 424 2298 ille
449 2270 548 2298 suos
572 2255 770 2310 Dryadas
795 2255 932 2296 Latiis
956 2254 998 2296 in
1024 2254 1237 2296 montibus
1262 2262 1374 2297 orta-s

354 2319 538 2354 verterat
561 2312 604 2353 in
629 2312 791 2361 vultus,
816 2311 936 2353 illum
959 2310 1134 2352 fontana
1156 2310 1359 2366 petebant

354 2368 547 2418 numina,
572 2367 777 2417 Naiades,
802 2381 908 2422 quas
932 2367 1094 2408 Albula
1117 2381 1307 2421 quasque
1330 2366 1513 2417 Numici,

355 2439 461 2478 quas
486 2424 665 2466 Anienis
690 2438 825 2478 aquae
850 2437 1060 2477 cursuque
1084 2422 1356 2465 brevissimus
1379 2423 1509 2465 Almo
1559 2420 1565 2425 '

354 2481 528 2535 Narque
552 2481 647 2523 tulit
670 2495 871 2536 praeceps
896 2487 938 2522 et
961 2493 1118 2535 opacae
1142 2479 1344 2521 Farfarus
1367 2479 1557 2531 umbrae,

356 2551 549 2591 quaeque
574 2537 715 2579 colunt
741 2535 964 2592 Scythicae
987 2551 1167 2591 regnum
1190 2535 1402 2578 nemorale
1426 2534 1596 2578 Dianae

355 2593 637 2648 finitimosque
661 2593 791 2635 lacus.
851 2592 1002 2648 spretis
1026 2599 1167 2634 tamen
1191 2591 1385 2634 omnibus
1409 2606 1538 2634 unam

355 2649 426 2691 ille
451 2649 548 2691 colit
571 2649 805 2705 nymphen,
831 2664 958 2703 quam
983 2648 1196 2702 quondam
1219 2647 1264 2689 in
1288 2648 1393 2690 colle
1416 2647 1555 2690 Palati

358 2705 511 2747 dicitur
534 2705 654 2746 Ionio
680 2705 891 2760 peperisse
916 2704 1085 2747 Venilia
1108 2704 1225 2746 Iano.

357 2761 461 2803 haec
485 2761 558 2803 ubi
582 2761 796 2803 nubilibus
822 2761 1004 2817 primum
1028 2760 1230 2803 maturuit
1255 2760 1387 2810 annis,
