<?xml version="1.0" encoding="UTF-8"?>
<!DOCTYPE html PUBLIC "-//W3C//DTD XHTML 1.0 Transitional//EN"
    "http://www.w3.org/TR/xhtml1/DTD/xhtml1-transitional.dtd">
<html xmlns="http://www.w3.org/1999/xhtml" xml:lang="en" lang="en">
 <head>
  <title>
</title>
<meta http-equiv="Content-Type" content="text/html;charset=utf-8" />
  <meta name='ocr-system' content='tesseract 3.04.00' />
  <meta name='ocr-capabilities' content='ocr_page ocr_carea ocr_par ocr_line ocrx_word'/>
</head>
<body>
  <div class='ocr_page' id='page_1' title='image "./carminao02oviduoft_0273.png"; bbox 0 0 1786 3242; ppageno 0'>
   <div class='ocr_carea' id='block_1_1' title="bbox 0 0 188 3242">
    <p class='ocr_par' dir='ltr' id='par_1_1' title="bbox 0 0 188 3242">
     <span class='ocr_line' id='line_1_1' title="bbox 0 0 188 2396; baseline 0 -2091"><span class='ocrx_word' id='word_1_1' title='bbox 0 0 188 2396; x_wconf 95' lang='lat' dir='ltr'><strong>   </strong></span> 
     </span>
     <span class='ocr_line' id='line_1_2' title="bbox 0 2396 107 3242; baseline 0 0"><span class='ocrx_word' id='word_1_2' title='bbox 0 2396 107 3242; x_wconf 95' lang='lat' dir='ltr'><strong>    </strong></span> 
     </span>
    </p>
   </div>
   <div class='ocr_carea' id='block_1_2' title="bbox 342 241 1504 290">
    <p class='ocr_par' dir='ltr' id='par_1_2' title="bbox 342 241 1504 290">
     <span class='ocr_line' id='line_1_3' title="bbox 342 241 1504 290; baseline -0.003 -2"><span class='ocrx_word' id='word_1_3' title='bbox 342 250 836 290; x_wconf 80' lang='lat' dir='ltr'><strong>METAMORPHOSEON</strong></span> <span class='ocrx_word' id='word_1_4' title='bbox 857 251 957 288; x_wconf 86' lang='lat' dir='ltr'><strong>LIB.</strong></span> <span class='ocrx_word' id='word_1_5' title='bbox 982 251 1088 288; x_wconf 84' lang='lat' dir='ltr'><strong>XIV.</strong></span> <span class='ocrx_word' id='word_1_6' title='bbox 1112 251 1285 288; x_wconf 85' lang='lat'>28-115.</span> <span class='ocrx_word' id='word_1_7' title='bbox 1419 241 1504 284; x_wconf 84' lang='grc'><strong>237</strong></span> 
     </span>
    </p>
   </div>
   <div class='ocr_carea' id='block_1_3' title="bbox 0 331 1600 2834">
    <p class='ocr_par' dir='ltr' id='par_1_3' title="bbox 96 331 1194 389">
     <span class='ocr_line' id='line_1_4' title="bbox 96 331 1194 389; baseline 0 -15"><span class='ocrx_word' id='word_1_8' title='bbox 96 331 230 389; x_wconf 57' lang='lat' dir='ltr'><strong>,sm</strong></span> <span class='ocrx_word' id='word_1_9' title='bbox 251 331 401 377; x_wconf 82' lang='lat' dir='ltr'><strong>eadem</strong></span> <span class='ocrx_word' id='word_1_10' title='bbox 424 332 615 376; x_wconf 87' lang='lat' dir='ltr'><strong>Teucras</strong></span> <span class='ocrx_word' id='word_1_11' title='bbox 638 332 779 376; x_wconf 88' lang='lat' dir='ltr'><strong>fuerat</strong></span> <span class='ocrx_word' id='word_1_12' title='bbox 801 348 994 376; x_wconf 83' lang='lat' dir='ltr'><strong>mersura</strong></span> <span class='ocrx_word' id='word_1_13' title='bbox 1016 332 1194 382; x_wconf 85' lang='lat' dir='ltr'><strong>carinas,</strong></span> 
     </span>
    </p>

    <p class='ocr_par' dir='ltr' id='par_1_4' title="bbox 91 388 1414 448">
     <span class='ocr_line' id='line_1_5' title="bbox 91 388 1414 448; baseline -0.005 -12"><span class='ocrx_word' id='word_1_14' title='bbox 91 409 97 436; x_wconf 75' lang='lat' dir='ltr'><em>s</em></span> <span class='ocrx_word' id='word_1_15' title='bbox 126 388 178 441; x_wconf 64' lang='lat' dir='ltr'><strong>fi·</strong></span> <span class='ocrx_word' id='word_1_16' title='bbox 194 389 313 448; x_wconf 84' lang='lat' dir='ltr'><strong>prius</strong></span> <span class='ocrx_word' id='word_1_17' title='bbox 335 389 382 432; x_wconf 91' lang='lat' dir='ltr'><strong>in</strong></span> <span class='ocrx_word' id='word_1_18' title='bbox 404 389 648 446; x_wconf 89' lang='lat' dir='ltr'><strong>scopulum,</strong></span> <span class='ocrx_word' id='word_1_19' title='bbox 674 389 748 445; x_wconf 91' lang='lat' dir='ltr'><strong>qui</strong></span> <span class='ocrx_word' id='word_1_20' title='bbox 772 405 886 433; x_wconf 88' lang='lat' dir='ltr'><strong>nunc</strong></span> <span class='ocrx_word' id='word_1_21' title='bbox 910 400 1081 446; x_wconf 79' lang='lat' dir='ltr'><strong>&#39;quopue</strong></span> <span class='ocrx_word' id='word_1_22' title='bbox 1105 403 1259 432; x_wconf 86' lang='lat' dir='ltr'><strong>saxeus</strong></span> <span class='ocrx_word' id='word_1_23' title='bbox 1286 395 1414 439; x_wconf 85' lang='lat' dir='ltr'><strong>extat,</strong></span> 
     </span>
    </p>

    <p class='ocr_par' dir='ltr' id='par_1_5' title="bbox 95 445 1573 503">
     <span class='ocr_line' id='line_1_6' title="bbox 102 445 1573 503; baseline -0.001 -11.009"><span class='ocrx_word' id='word_1_24' title='bbox 102 495 103 498; x_wconf 50' lang='lat'><strong>,</strong></span> <span class='ocrx_word' id='word_1_25' title='bbox 126 445 428 492; x_wconf 64' lang='lat' dir='ltr'><strong>unnsformata</strong></span> <span class='ocrx_word' id='word_1_26' title='bbox 449 445 572 489; x_wconf 84' lang='lat' dir='ltr'><strong>foret.</strong></span> <span class='ocrx_word' id='word_1_27' title='bbox 631 447 854 503; x_wconf 91' lang='lat' dir='ltr'><strong>scopulum</strong></span> <span class='ocrx_word' id='word_1_28' title='bbox 878 460 1049 502; x_wconf 91' lang='lat' dir='ltr'><strong>quoque</strong></span> <span class='ocrx_word' id='word_1_29' title='bbox 1072 445 1217 488; x_wconf 84' lang='lat' dir='ltr'><strong>navita</strong></span> <span class='ocrx_word' id='word_1_30' title='bbox 1240 445 1358 488; x_wconf 84' lang='lat' dir='ltr'><strong>vitat.</strong></span> <span class='ocrx_word' id='word_1_31' title='bbox 1529 459 1573 490; x_wconf 82' lang='grc'><strong>74</strong></span> 
     </span>
    </p>

    <p class='ocr_par' dir='ltr' id='par_1_6' title="bbox 184 494 1595 559">
     <span class='ocr_line' id='line_1_7' title="bbox 184 494 1595 559; baseline 0 -13"><span class='ocrx_word' id='word_1_32' title='bbox 184 494 317 546; x_wconf 78' lang='lat' dir='ltr'><strong>Hunc</strong></span> <span class='ocrx_word' id='word_1_33' title='bbox 339 501 415 546; x_wconf 89' lang='lat' dir='ltr'><strong>ubi</strong></span> <span class='ocrx_word' id='word_1_34' title='bbox 438 501 650 546; x_wconf 85' lang='lat' dir='ltr'><strong>Troianae</strong></span> <span class='ocrx_word' id='word_1_35' title='bbox 672 503 800 546; x_wconf 88' lang='lat' dir='ltr'><strong>remis</strong></span> <span class='ocrx_word' id='word_1_36' title='bbox 824 502 1079 558; x_wconf 83' lang='lat' dir='ltr'><strong>avidamque</strong></span> <span class='ocrx_word' id='word_1_37' title='bbox 1104 501 1370 559; x_wconf 84' lang='lat' dir='ltr'><strong>Charybdim</strong></span> <span class='ocrx_word' id='word_1_38' title='bbox 1446 511 1595 548; x_wconf 77' lang='lat' dir='ltr'><strong>Aeneas.</strong></span> 
     </span>
    </p>

    <p class='ocr_par' dir='ltr' id='par_1_7' title="bbox 85 559 1185 616">
     <span class='ocr_line' id='line_1_8' title="bbox 85 559 1185 616; baseline -0.005 -9"><span class='ocrx_word' id='word_1_39' title='bbox 85 559 103 611; x_wconf 87' lang='grc'><strong>,”</strong></span> <span class='ocrx_word' id='word_1_40' title='bbox 124 559 294 607; x_wconf 61' lang='grc' dir='ltr'><strong>θήσει-ο</strong></span> <span class='ocrx_word' id='word_1_41' title='bbox 317 566 450 611; x_wconf 78' lang='lat' dir='ltr'><strong>rates,</strong></span> <span class='ocrx_word' id='word_1_42' title='bbox 475 574 574 603; x_wconf 92' lang='lat' dir='ltr'><strong>cum</strong></span> <span class='ocrx_word' id='word_1_43' title='bbox 595 559 682 602; x_wconf 89' lang='lat' dir='ltr'><strong>iam</strong></span> <span class='ocrx_word' id='word_1_44' title='bbox 705 574 838 616; x_wconf 84' lang='lat' dir='ltr'>prope</span> <span class='ocrx_word' id='word_1_45' title='bbox 860 559 961 602; x_wconf 88' lang='lat' dir='ltr'><strong>litus</strong></span> <span class='ocrx_word' id='word_1_46' title='bbox 985 559 1185 602; x_wconf 82' lang='lat' dir='ltr'><strong>adessent</strong></span> 
     </span>
    </p>

    <p class='ocr_par' dir='ltr' id='par_1_8' title="bbox 78 614 1231 672">
     <span class='ocr_line' id='line_1_9' title="bbox 78 614 1231 672; baseline -0.003 -11"><span class='ocrx_word' id='word_1_47' title='bbox 78 633 102 671; x_wconf 54' lang='grc' dir='ltr'>ἦ</span> <span class='ocrx_word' id='word_1_48' title='bbox 126 614 388 666; x_wconf 74' lang='lat' dir='ltr'><strong>Ausonium,</strong></span> <span class='ocrx_word' id='word_1_49' title='bbox 412 615 602 672; x_wconf 84' lang='lat' dir='ltr'><strong>Libycas</strong></span> <span class='ocrx_word' id='word_1_50' title='bbox 625 625 753 659; x_wconf 86' lang='lat' dir='ltr'><strong>vento</strong></span> <span class='ocrx_word' id='word_1_51' title='bbox 776 615 1020 660; x_wconf 86' lang='lat' dir='ltr'><strong>referuntur</strong></span> <span class='ocrx_word' id='word_1_52' title='bbox 1042 615 1098 658; x_wconf 88' lang='lat' dir='ltr'><strong>ad</strong></span> <span class='ocrx_word' id='word_1_53' title='bbox 1121 630 1231 658; x_wconf 90' lang='lat' dir='ltr'><strong>oras.</strong></span> 
     </span>
    </p>

    <p class='ocr_par' dir='ltr' id='par_1_9' title="bbox 124 671 1102 728">
     <span class='ocr_line' id='line_1_10' title="bbox 124 671 1102 728; baseline -0.003 -11"><span class='ocrx_word' id='word_1_54' title='bbox 124 671 222 722; x_wconf 67' lang='lat' dir='ltr'><strong>cxci</strong></span> <span class='ocrx_word' id='word_1_55' title='bbox 252 672 284 716; x_wconf 85' lang='lat' dir='ltr'><strong>&#39;t</strong></span> <span class='ocrx_word' id='word_1_56' title='bbox 306 672 489 716; x_wconf 82' lang='lat' dir='ltr'><strong>Aenean</strong></span> <span class='ocrx_word' id='word_1_57' title='bbox 511 672 598 715; x_wconf 92' lang='lat' dir='ltr'><strong>illic</strong></span> <span class='ocrx_word' id='word_1_58' title='bbox 622 673 850 728; x_wconf 89' lang='lat' dir='ltr'><strong>animoque</strong></span> <span class='ocrx_word' id='word_1_59' title='bbox 874 673 1102 728; x_wconf 90' lang='lat' dir='ltr'><strong>domoque,</strong></span> 
     </span>
    </p>

    <p class='ocr_par' dir='ltr' id='par_1_10' title="bbox 15 728 1137 795">
     <span class='ocr_line' id='line_1_11' title="bbox 15 728 1137 795; baseline -0.003 -21"><span class='ocrx_word' id='word_1_60' title='bbox 15 761 16 764; x_wconf 57' lang='lat'><em>=</em></span> <span class='ocrx_word' id='word_1_61' title='bbox 89 741 98 779; x_wconf 68' lang='lat' dir='ltr'><em>j</em></span> <span class='ocrx_word' id='word_1_62' title='bbox 125 742 215 775; x_wconf 77' lang='lat' dir='ltr'><strong>non</strong></span> <span class='ocrx_word' id='word_1_63' title='bbox 291 743 347 773; x_wconf 82' lang='lat' dir='ltr'><strong>nc</strong></span> <span class='ocrx_word' id='word_1_64' title='bbox 370 728 596 772; x_wconf 79' lang='lat' dir='ltr'><strong>discidium</strong></span> <span class='ocrx_word' id='word_1_65' title='bbox 618 728 800 795; x_wconf 85' lang='lat' dir='ltr'><strong>Phrygii</strong></span> <span class='ocrx_word' id='word_1_66' title='bbox 822 729 961 772; x_wconf 89' lang='lat' dir='ltr'><strong>latura</strong></span> <span class='ocrx_word' id='word_1_67' title='bbox 983 729 1137 779; x_wconf 88' lang='lat' dir='ltr'><strong>mariti,</strong></span> 
     </span>
    </p>

    <p class='ocr_par' dir='ltr' id='par_1_11' title="bbox 14 784 1575 842">
     <span class='ocr_line' id='line_1_12' title="bbox 14 784 1575 842; baseline 0 -11"><span class='ocrx_word' id='word_1_68' title='bbox 14 797 16 819; x_wconf 75' lang='grc' dir='ltr'><em>ῑ</em></span> <span class='ocrx_word' id='word_1_69' title='bbox 92 807 94 810; x_wconf 73' lang='lat'><em>⁷</em></span> <span class='ocrx_word' id='word_1_70' title='bbox 125 784 314 832; x_wconf 79' lang='lat' dir='ltr'><strong>Sidonis.</strong></span> <span class='ocrx_word' id='word_1_71' title='bbox 371 785 502 841; x_wconf 87' lang='lat' dir='ltr'><strong>inque</strong></span> <span class='ocrx_word' id='word_1_72' title='bbox 525 800 634 842; x_wconf 83' lang='lat' dir='ltr'><strong>pyra</strong></span> <span class='ocrx_word' id='word_1_73' title='bbox 656 800 766 828; x_wconf 77' lang='lat' dir='ltr'><strong>sacri</strong></span> <span class='ocrx_word' id='word_1_74' title='bbox 790 786 870 828; x_wconf 92' lang='lat' dir='ltr'><strong>sub</strong></span> <span class='ocrx_word' id='word_1_75' title='bbox 893 785 1080 842; x_wconf 87' lang='lat' dir='ltr'><strong>imagine</strong></span> <span class='ocrx_word' id='word_1_76' title='bbox 1104 786 1219 829; x_wconf 82' lang='lat' dir='ltr'><strong>facta</strong></span> <span class='ocrx_word' id='word_1_77' title='bbox 1529 799 1575 831; x_wconf 88' lang='lat'><strong>80</strong></span> 
     </span>
    </p>

    <p class='ocr_par' dir='ltr' id='par_1_12' title="bbox 123 841 1124 899">
     <span class='ocr_line' id='line_1_13' title="bbox 123 841 1124 899; baseline -0.004 -11"><span class='ocrx_word' id='word_1_78' title='bbox 123 842 320 889; x_wconf 74' lang='lat' dir='ltr'><strong>incubuit</strong></span> <span class='ocrx_word' id='word_1_79' title='bbox 343 841 471 893; x_wconf 87' lang='lat' dir='ltr'><strong>ferro,</strong></span> <span class='ocrx_word' id='word_1_80' title='bbox 495 842 759 899; x_wconf 88' lang='lat' dir='ltr'><strong>deceptaque</strong></span> <span class='ocrx_word' id='word_1_81' title='bbox 783 842 941 899; x_wconf 83' lang='lat' dir='ltr'><strong>decipit</strong></span> <span class='ocrx_word' id='word_1_82' title='bbox 965 857 1124 885; x_wconf 88' lang='lat' dir='ltr'><strong>omnes.</strong></span> 
     </span>
    </p>

    <p class='ocr_par' dir='ltr' id='par_1_13' title="bbox 61 898 1212 957">
     <span class='ocr_line' id='line_1_14' title="bbox 61 898 1212 957; baseline -0.003 -12"><span class='ocrx_word' id='word_1_83' title='bbox 61 902 76 957; x_wconf 57' lang='lat' dir='ltr'><strong>‘f</strong></span> <span class='ocrx_word' id='word_1_84' title='bbox 125 912 273 945; x_wconf 67' lang='lat' dir='ltr'><strong>rursus</strong></span> <span class='ocrx_word' id='word_1_85' title='bbox 296 898 530 943; x_wconf 85' lang='lat' dir='ltr'><strong>harenosae</strong></span> <span class='ocrx_word' id='word_1_86' title='bbox 553 898 726 956; x_wconf 84' lang='lat' dir='ltr'><strong>fugiens</strong></span> <span class='ocrx_word' id='word_1_87' title='bbox 748 913 860 942; x_wconf 90' lang='lat' dir='ltr'><strong>nova</strong></span> <span class='ocrx_word' id='word_1_88' title='bbox 882 899 1052 942; x_wconf 90' lang='lat' dir='ltr'><strong>moenia</strong></span> <span class='ocrx_word' id='word_1_89' title='bbox 1075 906 1212 942; x_wconf 86' lang='lat' dir='ltr'><strong>terrae</strong></span> 
     </span>
    </p>

    <p class='ocr_par' dir='ltr' id='par_1_14' title="bbox 84 955 1252 1013">
     <span class='ocr_line' id='line_1_15' title="bbox 84 955 1252 1013; baseline -0.003 -11"><span class='ocrx_word' id='word_1_90' title='bbox 84 980 86 986; x_wconf 85' lang='lat'><em>·</em></span> <span class='ocrx_word' id='word_1_91' title='bbox 125 956 183 1003; x_wconf 66' lang='lat' dir='ltr'><strong>cd</strong></span> <span class='ocrx_word' id='word_1_92' title='bbox 205 955 436 1012; x_wconf 84' lang='lat' dir='ltr'><strong>sedemque</strong></span> <span class='ocrx_word' id='word_1_93' title='bbox 460 955 613 1013; x_wconf 83' lang='lat' dir='ltr'><strong>Erycis</strong></span> <span class='ocrx_word' id='word_1_94' title='bbox 635 956 855 1012; x_wconf 88' lang='lat' dir='ltr'><strong>fidumque</strong></span> <span class='ocrx_word' id='word_1_95' title='bbox 879 957 1038 999; x_wconf 87' lang='lat' dir='ltr'><strong>relatus</strong></span> <span class='ocrx_word' id='word_1_96' title='bbox 1062 956 1252 999; x_wconf 85' lang='lat' dir='ltr'><strong>Acesten</strong></span> 
     </span>
    </p>

    <p class='ocr_par' dir='ltr' id='par_1_15' title="bbox 78 1012 1193 1070">
     <span class='ocr_line' id='line_1_16' title="bbox 78 1012 1193 1070; baseline 0 -15"><span class='ocrx_word' id='word_1_97' title='bbox 78 1020 91 1055; x_wconf 74' lang='lat' dir='ltr'><strong>&#39;J</strong></span> <span class='ocrx_word' id='word_1_98' title='bbox 123 1012 337 1059; x_wconf 68' lang='lat' dir='ltr'><strong>sacrificat</strong></span> <span class='ocrx_word' id='word_1_99' title='bbox 359 1013 658 1068; x_wconf 88' lang='lat' dir='ltr'><strong>tumulumque</strong></span> <span class='ocrx_word' id='word_1_100' title='bbox 682 1013 748 1056; x_wconf 91' lang='lat' dir='ltr'><strong>sui</strong></span> <span class='ocrx_word' id='word_1_101' title='bbox 772 1013 976 1070; x_wconf 84' lang='lat' dir='ltr'><strong>genitoris</strong></span> <span class='ocrx_word' id='word_1_102' title='bbox 1001 1012 1193 1056; x_wconf 88' lang='lat' dir='ltr'><strong>honorat.</strong></span> 
     </span>
    </p>

    <p class='ocr_par' dir='ltr' id='par_1_16' title="bbox 79 1069 1574 1128">
     <span class='ocr_line' id='line_1_17' title="bbox 79 1069 1574 1128; baseline -0.003 -13"><span class='ocrx_word' id='word_1_103' title='bbox 79 1097 81 1099; x_wconf 96' lang='lat'>·</span> <span class='ocrx_word' id='word_1_104' title='bbox 122 1084 318 1128; x_wconf 73' lang='lat' dir='ltr'><strong>quasque</strong></span> <span class='ocrx_word' id='word_1_105' title='bbox 340 1077 453 1114; x_wconf 86' lang='lat' dir='ltr'><strong>rates</strong></span> <span class='ocrx_word' id='word_1_106' title='bbox 477 1069 559 1113; x_wconf 89' lang='lat' dir='ltr'><strong>Iris</strong></span> <span class='ocrx_word' id='word_1_107' title='bbox 582 1070 766 1113; x_wconf 83' lang='lat' dir='ltr'><strong>Iunonia</strong></span> <span class='ocrx_word' id='word_1_108' title='bbox 788 1085 924 1127; x_wconf 86' lang='lat' dir='ltr'><strong>paene</strong></span> <span class='ocrx_word' id='word_1_109' title='bbox 948 1077 1169 1120; x_wconf 86' lang='lat' dir='ltr'><strong>cremarat,</strong></span> <span class='ocrx_word' id='word_1_110' title='bbox 1529 1083 1574 1116; x_wconf 88' lang='lat'><strong>85</strong></span> 
     </span>
    </p>

    <p class='ocr_par' dir='ltr' id='par_1_17' title="bbox 66 1126 1265 1184">
     <span class='ocr_line' id='line_1_18' title="bbox 122 1126 1265 1184; baseline -0.002 -13.093"><span class='ocrx_word' id='word_1_111' title='bbox 122 1126 271 1179; x_wconf 71' lang='lat' dir='ltr'><strong>solvit,</strong></span> <span class='ocrx_word' id='word_1_112' title='bbox 296 1133 339 1171; x_wconf 88' lang='lat' dir='ltr'><strong>et</strong></span> <span class='ocrx_word' id='word_1_113' title='bbox 362 1126 637 1184; x_wconf 79' lang='lat' dir='ltr'><strong>Hippotadae</strong></span> <span class='ocrx_word' id='word_1_114' title='bbox 659 1142 706 1170; x_wconf 89' lang='lat' dir='ltr'><strong>re</strong></span> <span class='ocrx_word' id='word_1_115' title='bbox 737 1142 841 1169; x_wconf 92' lang='lat' dir='ltr'><strong>num</strong></span> <span class='ocrx_word' id='word_1_116' title='bbox 865 1134 1085 1183; x_wconf 87' lang='lat' dir='ltr'><strong>terrasque</strong></span> <span class='ocrx_word' id='word_1_117' title='bbox 1109 1126 1265 1170; x_wconf 91' lang='lat' dir='ltr'><strong>calenti</strong></span> 
     </span>
    </p>

    <p class='ocr_par' dir='ltr' id='par_1_18' title="bbox 67 1183 1214 1242">
     <span class='ocr_line' id='line_1_19' title="bbox 67 1183 1214 1242; baseline -0.004 -12"><span class='ocrx_word' id='word_1_118' title='bbox 67 1207 81 1231; x_wconf 87' lang='grc'><strong>·.</strong></span> <span class='ocrx_word' id='word_1_119' title='bbox 126 1183 330 1242; x_wconf 63' lang='lat' dir='ltr'><strong>sulphure</strong></span> <span class='ocrx_word' id='word_1_120' title='bbox 353 1183 568 1227; x_wconf 82' lang='lat' dir='ltr'><strong>fumantes</strong></span> <span class='ocrx_word' id='word_1_121' title='bbox 590 1184 715 1228; x_wconf 84' lang='lat' dir='ltr'><strong>Ache</strong></span> <span class='ocrx_word' id='word_1_122' title='bbox 733 1184 989 1240; x_wconf 89' lang='lat' dir='ltr'><strong>oiadumque</strong></span> <span class='ocrx_word' id='word_1_123' title='bbox 1014 1183 1214 1239; x_wconf 85' lang='lat' dir='ltr'><strong>relinquit</strong></span> 
     </span>
    </p>

    <p class='ocr_par' dir='ltr' id='par_1_19' title="bbox 67 1237 1226 1298">
     <span class='ocr_line' id='line_1_20' title="bbox 67 1237 1226 1298; baseline -0.003 -12"><span class='ocrx_word' id='word_1_124' title='bbox 67 1260 73 1295; x_wconf 63' lang='lat' dir='ltr'>g</span> <span class='ocrx_word' id='word_1_125' title='bbox 125 1237 328 1287; x_wconf 80' lang='lat' dir='ltr'><strong>Sirenum</strong></span> <span class='ocrx_word' id='word_1_126' title='bbox 351 1241 562 1298; x_wconf 88' lang='lat' dir='ltr'><strong>scopulos.</strong></span> <span class='ocrx_word' id='word_1_127' title='bbox 623 1241 857 1296; x_wconf 83' lang='lat' dir='ltr'><strong>orbataque</strong></span> <span class='ocrx_word' id='word_1_128' title='bbox 881 1241 1076 1297; x_wconf 88' lang='lat' dir='ltr'><strong>praeside</strong></span> <span class='ocrx_word' id='word_1_129' title='bbox 1099 1241 1226 1297; x_wconf 88' lang='lat' dir='ltr'><strong>pinus</strong></span> 
     </span>
    </p>

    <p class='ocr_par' dir='ltr' id='par_1_20' title="bbox 128 1297 1246 1355">
     <span class='ocr_line' id='line_1_21' title="bbox 128 1297 1246 1355; baseline -0.002 -13"><span class='ocrx_word' id='word_1_130' title='bbox 128 1297 342 1342; x_wconf 71' lang='lat' dir='ltr'><strong>Inarimen</strong></span> <span class='ocrx_word' id='word_1_131' title='bbox 363 1297 695 1355; x_wconf 83' lang='lat' dir='ltr'><strong>Prochytenque</strong></span> <span class='ocrx_word' id='word_1_132' title='bbox 717 1298 822 1355; x_wconf 92' lang='lat' dir='ltr'><strong>legit</strong></span> <span class='ocrx_word' id='word_1_133' title='bbox 845 1297 1063 1353; x_wconf 89' lang='lat' dir='ltr'><strong>sterilique</strong></span> <span class='ocrx_word' id='word_1_134' title='bbox 1087 1298 1246 1340; x_wconf 87' lang='lat' dir='ltr'><strong>locatas</strong></span> 
     </span>
    </p>

    <p class='ocr_par' dir='ltr' id='par_1_21' title="bbox 8 1353 1597 1512">
     <span class='ocr_line' id='line_1_22' title="bbox 8 1353 1584 1407; baseline 0 -8"><span class='ocrx_word' id='word_1_135' title='bbox 8 1396 10 1406; x_wconf 25' lang='lat' dir='ltr'><em>A</em></span> <span class='ocrx_word' id='word_1_136' title='bbox 118 1353 238 1399; x_wconf 70' lang='lat' dir='ltr'><strong>colle</strong></span> <span class='ocrx_word' id='word_1_137' title='bbox 254 1353 530 1407; x_wconf 87' lang='lat' dir='ltr'><strong>Pithecusas,</strong></span> <span class='ocrx_word' id='word_1_138' title='bbox 553 1354 823 1398; x_wconf 88' lang='lat' dir='ltr'><strong>habitantum</strong></span> <span class='ocrx_word' id='word_1_139' title='bbox 845 1354 1016 1398; x_wconf 90' lang='lat' dir='ltr'><strong>nomine</strong></span> <span class='ocrx_word' id='word_1_140' title='bbox 1041 1355 1188 1397; x_wconf 87' lang='lat' dir='ltr'><strong>dictas.</strong></span> <span class='ocrx_word' id='word_1_141' title='bbox 1530 1365 1584 1400; x_wconf 81' lang='lat'>90&#39;·</span> 
     </span>
     <span class='ocr_line' id='line_1_23' title="bbox 67 1410 1597 1512; baseline 0.001 -57"><span class='ocrx_word' id='word_1_142' title='bbox 67 1429 70 1447; x_wconf 77' lang='lat' dir='ltr'><strong>r</strong></span> <span class='ocrx_word' id='word_1_143' title='bbox 123 1410 284 1512; x_wconf 43' lang='lat' dir='ltr'><strong>&amp;uzippe</strong></span> <span class='ocrx_word' id='word_1_144' title='bbox 307 1411 436 1455; x_wconf 91' lang='lat' dir='ltr'><strong>deum</strong></span> <span class='ocrx_word' id='word_1_145' title='bbox 459 1412 627 1469; x_wconf 89' lang='lat' dir='ltr'><strong>genitor</strong></span> <span class='ocrx_word' id='word_1_146' title='bbox 649 1412 847 1455; x_wconf 86' lang='lat' dir='ltr'><strong>fraudem</strong></span> <span class='ocrx_word' id='word_1_147' title='bbox 870 1419 913 1454; x_wconf 91' lang='lat' dir='ltr'><strong>et</strong></span> <span class='ocrx_word' id='word_1_148' title='bbox 935 1411 1120 1468; x_wconf 87' lang='lat' dir='ltr'><strong>periuria</strong></span> <span class='ocrx_word' id='word_1_149' title='bbox 1143 1411 1359 1466; x_wconf 87' lang='lat' dir='ltr'><strong>quondam</strong></span> <span class='ocrx_word' id='word_1_150' title='bbox 1387 1421 1597 1467; x_wconf 65' lang='lat' dir='ltr'><strong>(Cer-copes.)</strong></span> 
     </span>
    </p>

    <p class='ocr_par' dir='ltr' id='par_1_22' title="bbox 192 1468 1217 1525">
     <span class='ocr_line' id='line_1_24' title="bbox 192 1468 1217 1525; baseline 0 -14"><span class='ocrx_word' id='word_1_151' title='bbox 192 1482 264 1511; x_wconf 87' lang='lat' dir='ltr'><strong>rco</strong></span> <span class='ocrx_word' id='word_1_152' title='bbox 295 1483 370 1512; x_wconf 89' lang='lat' dir='ltr'><strong>um</strong></span> <span class='ocrx_word' id='word_1_153' title='bbox 394 1483 550 1512; x_wconf 87' lang='lat' dir='ltr'><strong>exosus</strong></span> <span class='ocrx_word' id='word_1_154' title='bbox 572 1469 798 1525; x_wconf 89' lang='lat' dir='ltr'><strong>gentisque</strong></span> <span class='ocrx_word' id='word_1_155' title='bbox 822 1468 1009 1511; x_wconf 87' lang='lat' dir='ltr'><strong>admissa</strong></span> <span class='ocrx_word' id='word_1_156' title='bbox 1032 1468 1217 1518; x_wconf 89' lang='lat' dir='ltr'><strong>dolosae,</strong></span> 
     </span>
    </p>

    <p class='ocr_par' dir='ltr' id='par_1_23' title="bbox 62 1524 1133 1579">
     <span class='ocr_line' id='line_1_25' title="bbox 62 1524 1133 1579; baseline -0.001 -11"><span class='ocrx_word' id='word_1_157' title='bbox 62 1529 67 1579; x_wconf 63' lang='lat' dir='ltr'>f</span> <span class='ocrx_word' id='word_1_158' title='bbox 122 1524 171 1568; x_wconf 83' lang='lat' dir='ltr'><strong>in</strong></span> <span class='ocrx_word' id='word_1_159' title='bbox 193 1525 246 1568; x_wconf 90' lang='lat' dir='ltr'><strong>de</strong></span> <span class='ocrx_word' id='word_1_160' title='bbox 266 1539 383 1569; x_wconf 88' lang='lat' dir='ltr'><strong>orme</strong></span> <span class='ocrx_word' id='word_1_161' title='bbox 406 1525 520 1569; x_wconf 83' lang='lat' dir='ltr'><strong>viros</strong></span> <span class='ocrx_word' id='word_1_162' title='bbox 543 1525 700 1568; x_wconf 85' lang='lat' dir='ltr'><strong>animal</strong></span> <span class='ocrx_word' id='word_1_163' title='bbox 724 1526 923 1576; x_wconf 88' lang='lat' dir='ltr'><strong>mutavit,</strong></span> <span class='ocrx_word' id='word_1_164' title='bbox 949 1533 996 1567; x_wconf 93' lang='lat' dir='ltr'><strong>ut</strong></span> <span class='ocrx_word' id='word_1_165' title='bbox 1018 1525 1133 1568; x_wconf 89' lang='lat' dir='ltr'><strong>idem</strong></span> 
     </span>
    </p>

    <p class='ocr_par' dir='ltr' id='par_1_24' title="bbox 59 1581 1173 1639">
     <span class='ocr_line' id='line_1_26' title="bbox 66 1581 1173 1639; baseline -0.001 -14.006"><span class='ocrx_word' id='word_1_166' title='bbox 66 1590 71 1635; x_wconf 53' lang='lat'>2</span> <span class='ocrx_word' id='word_1_167' title='bbox 122 1581 350 1626; x_wconf 88' lang='lat' dir='ltr'><strong>dissimiles</strong></span> <span class='ocrx_word' id='word_1_168' title='bbox 373 1581 534 1625; x_wconf 92' lang='lat' dir='ltr'><strong>homini</strong></span> <span class='ocrx_word' id='word_1_169' title='bbox 556 1590 730 1639; x_wconf 90' lang='lat' dir='ltr'><strong>possent</strong></span> <span class='ocrx_word' id='word_1_170' title='bbox 753 1582 996 1637; x_wconf 88' lang='lat' dir='ltr'><strong>similesque</strong></span> <span class='ocrx_word' id='word_1_171' title='bbox 1021 1582 1173 1625; x_wconf 90' lang='lat' dir='ltr'><strong>videri:</strong></span> 
     </span>
    </p>

    <p class='ocr_par' dir='ltr' id='par_1_25' title="bbox 62 1638 1572 1697">
     <span class='ocr_line' id='line_1_27' title="bbox 65 1638 1572 1695; baseline 0.002 -12.994"><span class='ocrx_word' id='word_1_172' title='bbox 65 1639 68 1673; x_wconf 77' lang='grc' dir='ltr'>ἶ</span> <span class='ocrx_word' id='word_1_173' title='bbox 125 1638 402 1695; x_wconf 87' lang='lat' dir='ltr'><strong>membraque</strong></span> <span class='ocrx_word' id='word_1_174' title='bbox 426 1639 636 1682; x_wconf 88' lang='lat' dir='ltr'><strong>contraxit</strong></span> <span class='ocrx_word' id='word_1_175' title='bbox 658 1654 867 1695; x_wconf 87' lang='lat' dir='ltr'><strong>naresque</strong></span> <span class='ocrx_word' id='word_1_176' title='bbox 892 1654 917 1682; x_wconf 89' lang='lat' dir='ltr'><strong>a</strong></span> <span class='ocrx_word' id='word_1_177' title='bbox 940 1639 1079 1683; x_wconf 88' lang='lat' dir='ltr'><strong>fronte</strong></span> <span class='ocrx_word' id='word_1_178' title='bbox 1103 1639 1300 1682; x_wconf 87' lang='lat' dir='ltr'><strong>remissas</strong></span> <span class='ocrx_word' id='word_1_179' title='bbox 1529 1653 1572 1685; x_wconf 85' lang='grc'><strong>95</strong></span> 
     </span>
    </p>

    <p class='ocr_par' dir='ltr' id='par_1_26' title="bbox 61 1695 1085 1753">
     <span class='ocr_line' id='line_1_28' title="bbox 61 1695 1085 1753; baseline 0.001 -16"><span class='ocrx_word' id='word_1_180' title='bbox 61 1709 82 1745; x_wconf 57' lang='lat'><em>2</em></span> <span class='ocrx_word' id='word_1_181' title='bbox 122 1695 319 1739; x_wconf 84' lang='lat' dir='ltr'><strong>contudit</strong></span> <span class='ocrx_word' id='word_1_182' title='bbox 342 1702 384 1739; x_wconf 89' lang='lat' dir='ltr'><strong>et</strong></span> <span class='ocrx_word' id='word_1_183' title='bbox 406 1696 526 1753; x_wconf 87' lang='lat' dir='ltr'><strong>rugis</strong></span> <span class='ocrx_word' id='word_1_184' title='bbox 549 1697 763 1752; x_wconf 83' lang='lat' dir='ltr'><strong>peraravit</strong></span> <span class='ocrx_word' id='word_1_185' title='bbox 786 1696 968 1738; x_wconf 89' lang='lat' dir='ltr'><strong>anilibus</strong></span> <span class='ocrx_word' id='word_1_186' title='bbox 993 1711 1066 1739; x_wconf 89' lang='lat' dir='ltr'><strong>ora</strong></span> <span class='ocrx_word' id='word_1_187' title='bbox 1073 1712 1085 1747; x_wconf 90' lang='lat'>;</span> 
     </span>
    </p>

    <p class='ocr_par' dir='ltr' id='par_1_27' title="bbox 62 1752 1006 1809">
     <span class='ocr_line' id='line_1_29' title="bbox 62 1752 1006 1809; baseline 0.001 -16"><span class='ocrx_word' id='word_1_188' title='bbox 62 1783 67 1792; x_wconf 46' lang='lat'>2</span> <span class='ocrx_word' id='word_1_189' title='bbox 122 1759 300 1809; x_wconf 83' lang='lat' dir='ltr'><strong>totaque</strong></span> <span class='ocrx_word' id='word_1_190' title='bbox 322 1752 484 1796; x_wconf 81' lang='lat' dir='ltr'><strong>velatos</strong></span> <span class='ocrx_word' id='word_1_191' title='bbox 506 1752 681 1796; x_wconf 89' lang='lat' dir='ltr'><strong>flaventi</strong></span> <span class='ocrx_word' id='word_1_192' title='bbox 705 1767 883 1809; x_wconf 86' lang='lat' dir='ltr'><strong>corpora</strong></span> <span class='ocrx_word' id='word_1_193' title='bbox 906 1753 1006 1795; x_wconf 92' lang='lat' dir='ltr'><strong>villo</strong></span> 
     </span>
    </p>

    <p class='ocr_par' dir='ltr' id='par_1_28' title="bbox 56 1808 1308 1865">
     <span class='ocr_line' id='line_1_30' title="bbox 56 1808 1308 1865; baseline 0.002 -15"><span class='ocrx_word' id='word_1_194' title='bbox 56 1848 59 1850; x_wconf 74' lang='grc'>,</span> <span class='ocrx_word' id='word_1_195' title='bbox 123 1809 242 1853; x_wconf 87' lang='lat' dir='ltr'><strong>misit</strong></span> <span class='ocrx_word' id='word_1_196' title='bbox 263 1809 308 1852; x_wconf 91' lang='lat' dir='ltr'><strong>in</strong></span> <span class='ocrx_word' id='word_1_197' title='bbox 332 1808 409 1853; x_wconf 83' lang='lat' dir='ltr'><strong>has</strong></span> <span class='ocrx_word' id='word_1_198' title='bbox 434 1809 570 1853; x_wconf 86' lang='lat' dir='ltr'><strong>sedes.</strong></span> <span class='ocrx_word' id='word_1_199' title='bbox 628 1825 708 1853; x_wconf 90' lang='lat' dir='ltr'><strong>nec</strong></span> <span class='ocrx_word' id='word_1_200' title='bbox 732 1824 818 1852; x_wconf 92' lang='lat' dir='ltr'><strong>non</strong></span> <span class='ocrx_word' id='word_1_201' title='bbox 842 1809 959 1865; x_wconf 88' lang='lat' dir='ltr'><strong>prius</strong></span> <span class='ocrx_word' id='word_1_202' title='bbox 985 1809 1158 1852; x_wconf 88' lang='lat' dir='ltr'><strong>abstulit</strong></span> <span class='ocrx_word' id='word_1_203' title='bbox 1181 1824 1308 1852; x_wconf 90' lang='lat' dir='ltr'><strong>usum</strong></span> 
     </span>
    </p>

    <p class='ocr_par' dir='ltr' id='par_1_29' title="bbox 55 1866 1242 1923">
     <span class='ocr_line' id='line_1_31' title="bbox 55 1866 1242 1923; baseline 0 -14"><span class='ocrx_word' id='word_1_204' title='bbox 55 1889 58 1891; x_wconf 94' lang='lat'>·</span> <span class='ocrx_word' id='word_1_205' title='bbox 123 1866 355 1911; x_wconf 81' lang='lat' dir='ltr'><strong>verborum</strong></span> <span class='ocrx_word' id='word_1_206' title='bbox 377 1874 420 1910; x_wconf 90' lang='lat' dir='ltr'><strong>et</strong></span> <span class='ocrx_word' id='word_1_207' title='bbox 442 1874 568 1910; x_wconf 85' lang='lat' dir='ltr'><strong>natae</strong></span> <span class='ocrx_word' id='word_1_208' title='bbox 592 1866 685 1909; x_wconf 86' lang='lat' dir='ltr'><strong>dira</strong></span> <span class='ocrx_word' id='word_1_209' title='bbox 707 1866 752 1909; x_wconf 91' lang='lat' dir='ltr'><strong>in</strong></span> <span class='ocrx_word' id='word_1_210' title='bbox 775 1866 961 1923; x_wconf 87' lang='lat' dir='ltr'><strong>periuria</strong></span> <span class='ocrx_word' id='word_1_211' title='bbox 983 1866 1175 1923; x_wconf 86' lang='lat' dir='ltr'><strong>linguae:</strong></span> <span class='ocrx_word' id='word_1_212' title='bbox 1239 1893 1242 1895; x_wconf 94' lang='lat'><em>-</em></span> 
     </span>
    </p>

    <p class='ocr_par' dir='ltr' id='par_1_30' title="bbox 124 1923 1597 1981">
     <span class='ocr_line' id='line_1_32' title="bbox 124 1923 1597 1981; baseline 0.001 -13"><span class='ocrx_word' id='word_1_213' title='bbox 124 1937 252 1981; x_wconf 69' lang='lat' dir='ltr'><strong>posse</strong></span> <span class='ocrx_word' id='word_1_214' title='bbox 275 1923 396 1980; x_wconf 88' lang='lat' dir='ltr'><strong>queri</strong></span> <span class='ocrx_word' id='word_1_215' title='bbox 418 1931 584 1967; x_wconf 87' lang='lat' dir='ltr'><strong>tantum</strong></span> <span class='ocrx_word' id='word_1_216' title='bbox 606 1938 737 1966; x_wconf 87' lang='lat' dir='ltr'><strong>rauco</strong></span> <span class='ocrx_word' id='word_1_217' title='bbox 761 1923 940 1966; x_wconf 86' lang='lat' dir='ltr'><strong>stridore</strong></span> <span class='ocrx_word' id='word_1_218' title='bbox 964 1923 1146 1978; x_wconf 88' lang='lat' dir='ltr'><strong>reliquit.</strong></span> <span class='ocrx_word' id='word_1_219' title='bbox 1531 1938 1597 1970; x_wconf 88' lang='lat'><strong>100</strong></span> 
     </span>
    </p>

    <p class='ocr_par' dir='ltr' id='par_1_31' title="bbox 7 1979 1598 2038">
     <span class='ocr_line' id='line_1_33' title="bbox 7 1979 1598 2038; baseline 0.001 -14"><span class='ocrx_word' id='word_1_220' title='bbox 7 2029 10 2031; x_wconf 14' lang='grc' dir='ltr'><strong>Α</strong></span> <span class='ocrx_word' id='word_1_221' title='bbox 58 2035 60 2038; x_wconf 86' lang='lat'>.</span> <span class='ocrx_word' id='word_1_222' title='bbox 183 1981 279 2024; x_wconf 84' lang='lat' dir='ltr'><strong>Has</strong></span> <span class='ocrx_word' id='word_1_223' title='bbox 303 1980 379 2024; x_wconf 88' lang='lat' dir='ltr'><strong>ubi</strong></span> <span class='ocrx_word' id='word_1_224' title='bbox 401 1980 618 2038; x_wconf 85' lang='lat' dir='ltr'><strong>praeteriit</strong></span> <span class='ocrx_word' id='word_1_225' title='bbox 641 1988 684 2023; x_wconf 89' lang='lat' dir='ltr'><strong>et</strong></span> <span class='ocrx_word' id='word_1_226' title='bbox 705 1980 1020 2037; x_wconf 78' lang='lat' dir='ltr'><strong>Parthenopeia</strong></span> <span class='ocrx_word' id='word_1_227' title='bbox 1043 1981 1194 2023; x_wconf 89' lang='lat' dir='ltr'><strong>dextra</strong></span> <span class='ocrx_word' id='word_1_228' title='bbox 1412 1979 1549 2025; x_wconf 70' lang='lat' dir='ltr'><strong>Sibylla</strong></span> <span class='ocrx_word' id='word_1_229' title='bbox 1565 1985 1598 2015; x_wconf 65' lang='grc' dir='ltr'><strong>εἰ</strong></span> 
     </span>
    </p>

    <p class='ocr_par' dir='ltr' id='par_1_32' title="bbox 44 2026 1580 2151">
     <span class='ocr_line' id='line_1_34' title="bbox 50 2026 1580 2094; baseline -0.003 -12"><span class='ocrx_word' id='word_1_230' title='bbox 50 2039 58 2060; x_wconf 71' lang='lat'><strong>²</strong></span> <span class='ocrx_word' id='word_1_231' title='bbox 122 2037 295 2082; x_wconf 89' lang='lat' dir='ltr'><strong>moenia</strong></span> <span class='ocrx_word' id='word_1_232' title='bbox 318 2037 524 2089; x_wconf 90' lang='lat' dir='ltr'><strong>deseruit,</strong></span> <span class='ocrx_word' id='word_1_233' title='bbox 547 2038 671 2080; x_wconf 89' lang='lat' dir='ltr'><strong>laeva</strong></span> <span class='ocrx_word' id='word_1_234' title='bbox 694 2038 747 2080; x_wconf 91' lang='lat' dir='ltr'><strong>de</strong></span> <span class='ocrx_word' id='word_1_235' title='bbox 770 2045 890 2094; x_wconf 87' lang='lat' dir='ltr'><strong>parte</strong></span> <span class='ocrx_word' id='word_1_236' title='bbox 914 2037 1058 2080; x_wconf 86' lang='lat' dir='ltr'><strong>canori</strong></span> <span class='ocrx_word' id='word_1_237' title='bbox 1429 2026 1580 2061; x_wconf 80' lang='lat' dir='ltr'><strong>Aeneas.</strong></span> 
     </span>
     <span class='ocr_line' id='line_1_35' title="bbox 44 2093 1296 2151; baseline -0.002 -12"><span class='ocrx_word' id='word_1_238' title='bbox 44 2103 66 2140; x_wconf 79' lang='grc'><strong>;’</strong></span> <span class='ocrx_word' id='word_1_239' title='bbox 126 2094 336 2139; x_wconf 87' lang='lat' dir='ltr'><strong>Aeolidae</strong></span> <span class='ocrx_word' id='word_1_240' title='bbox 359 2094 571 2137; x_wconf 84' lang='lat' dir='ltr'><strong>tumulum</strong></span> <span class='ocrx_word' id='word_1_241' title='bbox 595 2102 638 2136; x_wconf 88' lang='lat' dir='ltr'><strong>et</strong></span> <span class='ocrx_word' id='word_1_242' title='bbox 660 2094 755 2137; x_wconf 86' lang='lat' dir='ltr'><strong>loca</strong></span> <span class='ocrx_word' id='word_1_243' title='bbox 778 2095 866 2137; x_wconf 88' lang='lat' dir='ltr'><strong>feta</strong></span> <span class='ocrx_word' id='word_1_244' title='bbox 890 2093 1148 2151; x_wconf 86' lang='lat' dir='ltr'><strong>palustribus</strong></span> <span class='ocrx_word' id='word_1_245' title='bbox 1173 2093 1296 2144; x_wconf 89' lang='lat' dir='ltr'><strong>ulvis,</strong></span> 
     </span>
    </p>

    <p class='ocr_par' dir='ltr' id='par_1_33' title="bbox 19 2149 1144 2209">
     <span class='ocr_line' id='line_1_36' title="bbox 19 2149 1144 2206; baseline -0.002 -10"><span class='ocrx_word' id='word_1_246' title='bbox 19 2182 21 2206; x_wconf 80' lang='lat'>3</span> <span class='ocrx_word' id='word_1_247' title='bbox 123 2151 250 2196; x_wconf 82' lang='lat' dir='ltr'><strong>litora</strong></span> <span class='ocrx_word' id='word_1_248' title='bbox 274 2149 512 2194; x_wconf 78' lang='lat' dir='ltr'><strong>Cumarum</strong></span> <span class='ocrx_word' id='word_1_249' title='bbox 534 2150 782 2206; x_wconf 85' lang='lat' dir='ltr'><strong>vivacisque</strong></span> <span class='ocrx_word' id='word_1_250' title='bbox 806 2159 928 2194; x_wconf 86' lang='lat' dir='ltr'><strong>antra</strong></span> <span class='ocrx_word' id='word_1_251' title='bbox 953 2150 1144 2206; x_wconf 87' lang='lat' dir='ltr'><strong>Sibyllae</strong></span> 
     </span>
    </p>

    <p class='ocr_par' dir='ltr' id='par_1_34' title="bbox 15 2207 1596 2264">
     <span class='ocr_line' id='line_1_37' title="bbox 15 2207 1596 2264; baseline 0.001 -12"><span class='ocrx_word' id='word_1_252' title='bbox 15 2227 17 2230; x_wconf 54' lang='lat'><strong>⁴</strong></span> <span class='ocrx_word' id='word_1_253' title='bbox 40 2219 58 2257; x_wconf 75' lang='grc' dir='ltr'><em>ξ</em></span> <span class='ocrx_word' id='word_1_254' title='bbox 124 2209 255 2252; x_wconf 78' lang='lat' dir='ltr'><strong>intrat</strong></span> <span class='ocrx_word' id='word_1_255' title='bbox 279 2215 340 2260; x_wconf 89' lang='lat' dir='ltr'><strong>et,</strong></span> <span class='ocrx_word' id='word_1_256' title='bbox 365 2207 421 2251; x_wconf 85' lang='lat' dir='ltr'><strong>ad</strong></span> <span class='ocrx_word' id='word_1_257' title='bbox 443 2207 599 2252; x_wconf 87' lang='lat' dir='ltr'><strong>Manes</strong></span> <span class='ocrx_word' id='word_1_258' title='bbox 623 2209 766 2251; x_wconf 87' lang='lat' dir='ltr'><strong>veniat</strong></span> <span class='ocrx_word' id='word_1_259' title='bbox 790 2223 866 2264; x_wconf 91' lang='lat' dir='ltr'><strong>per</strong></span> <span class='ocrx_word' id='word_1_260' title='bbox 889 2208 1065 2250; x_wconf 87' lang='lat' dir='ltr'><strong>Averna</strong></span> <span class='ocrx_word' id='word_1_261' title='bbox 1088 2215 1301 2264; x_wconf 86' lang='lat' dir='ltr'><strong>paternos,</strong></span> <span class='ocrx_word' id='word_1_262' title='bbox 1533 2221 1596 2254; x_wconf 90' lang='lat'><strong>105</strong></span> 
     </span>
    </p>

    <p class='ocr_par' dir='ltr' id='par_1_35' title="bbox 8 2264 1129 2317">
     <span class='ocr_line' id='line_1_38' title="bbox 124 2264 1129 2309; baseline -0.004 0.586"><span class='ocrx_word' id='word_1_263' title='bbox 124 2273 232 2309; x_wconf 78' lang='lat' dir='ltr'><strong>orat.</strong></span> <span class='ocrx_word' id='word_1_264' title='bbox 291 2272 336 2308; x_wconf 85' lang='lat' dir='ltr'><strong>at</strong></span> <span class='ocrx_word' id='word_1_265' title='bbox 357 2264 432 2308; x_wconf 87' lang='lat' dir='ltr'><strong>illa</strong></span> <span class='ocrx_word' id='word_1_266' title='bbox 455 2265 530 2308; x_wconf 88' lang='lat' dir='ltr'><strong>diu</strong></span> <span class='ocrx_word' id='word_1_267' title='bbox 554 2265 720 2308; x_wconf 88' lang='lat' dir='ltr'><strong>vultum</strong></span> <span class='ocrx_word' id='word_1_268' title='bbox 744 2266 893 2308; x_wconf 88' lang='lat' dir='ltr'><strong>tellure</strong></span> <span class='ocrx_word' id='word_1_269' title='bbox 917 2272 1129 2307; x_wconf 88' lang='lat' dir='ltr'><strong>moratum</strong></span> 
     </span>
    </p>

    <p class='ocr_par' dir='ltr' id='par_1_36' title="bbox 10 2321 1224 2437">
     <span class='ocr_line' id='line_1_39' title="bbox 10 2321 1095 2378; baseline -0.003 -11"><span class='ocrx_word' id='word_1_270' title='bbox 10 2371 13 2373; x_wconf 79' lang='lat'><em>.</em></span> <span class='ocrx_word' id='word_1_271' title='bbox 48 2331 54 2374; x_wconf 71' lang='lat' dir='ltr'><strong>&#39;j</strong></span> <span class='ocrx_word' id='word_1_272' title='bbox 124 2321 262 2367; x_wconf 81' lang='lat' dir='ltr'><strong>erexit</strong></span> <span class='ocrx_word' id='word_1_273' title='bbox 284 2321 543 2378; x_wconf 83' lang='lat' dir='ltr'><strong>tandemque</strong></span> <span class='ocrx_word' id='word_1_274' title='bbox 568 2322 648 2365; x_wconf 93' lang='lat' dir='ltr'><strong>deo</strong></span> <span class='ocrx_word' id='word_1_275' title='bbox 671 2321 902 2365; x_wconf 89' lang='lat' dir='ltr'><strong>furibunda</strong></span> <span class='ocrx_word' id='word_1_276' title='bbox 925 2329 1095 2378; x_wconf 91' lang='lat' dir='ltr'><strong>recepto</strong></span> 
     </span>
     <span class='ocr_line' id='line_1_40' title="bbox 44 2377 1224 2437; baseline -0.001 -14"><span class='ocrx_word' id='word_1_277' title='bbox 44 2392 48 2435; x_wconf 72' lang='lat' dir='ltr'>j</span> <span class='ocrx_word' id='word_1_278' title='bbox 107 2385 305 2437; x_wconf 63' lang='lat' dir='ltr'><strong>“magna</strong></span> <span class='ocrx_word' id='word_1_279' title='bbox 327 2379 464 2436; x_wconf 91' lang='lat' dir='ltr'><strong>petis,&#39;</strong></span> <span class='ocrx_word' id='word_1_280' title='bbox 489 2378 597 2422; x_wconf 83' lang='lat' dir='ltr'><strong>dixit</strong></span> <span class='ocrx_word' id='word_1_281' title='bbox 619 2379 704 2422; x_wconf 89' lang='lat' dir='ltr'><strong>‘vir</strong></span> <span class='ocrx_word' id='word_1_282' title='bbox 726 2378 849 2422; x_wconf 86' lang='lat' dir='ltr'><strong>factis</strong></span> <span class='ocrx_word' id='word_1_283' title='bbox 873 2378 1077 2429; x_wconf 87' lang='lat' dir='ltr'><strong>maxime,</strong></span> <span class='ocrx_word' id='word_1_284' title='bbox 1103 2377 1224 2422; x_wconf 90' lang='lat' dir='ltr'><strong>cuius</strong></span> 
     </span>
    </p>

    <p class='ocr_par' dir='ltr' id='par_1_37' title="bbox 11 2435 1236 2494">
     <span class='ocr_line' id='line_1_41' title="bbox 11 2435 1236 2493; baseline -0.002 -13"><span class='ocrx_word' id='word_1_285' title='bbox 11 2439 13 2441; x_wconf 70' lang='grc'><strong><em>’</em></strong></span> <span class='ocrx_word' id='word_1_286' title='bbox 40 2445 55 2485; x_wconf 72' lang='grc' dir='ltr'>ζ</span> <span class='ocrx_word' id='word_1_287' title='bbox 124 2435 302 2480; x_wconf 84' lang='lat' dir='ltr'><strong>dextera</strong></span> <span class='ocrx_word' id='word_1_288' title='bbox 323 2450 401 2493; x_wconf 88' lang='lat' dir='ltr'><strong>per</strong></span> <span class='ocrx_word' id='word_1_289' title='bbox 423 2435 603 2486; x_wconf 87' lang='lat' dir='ltr'><strong>ferrum,</strong></span> <span class='ocrx_word' id='word_1_290' title='bbox 627 2436 762 2492; x_wconf 89' lang='lat' dir='ltr'><strong>pietas</strong></span> <span class='ocrx_word' id='word_1_291' title='bbox 786 2442 977 2491; x_wconf 89' lang='lat' dir='ltr'><strong>spectata</strong></span> <span class='ocrx_word' id='word_1_292' title='bbox 1000 2450 1077 2491; x_wconf 88' lang='lat' dir='ltr'><strong>per</strong></span> <span class='ocrx_word' id='word_1_293' title='bbox 1099 2435 1236 2491; x_wconf 88' lang='lat' dir='ltr'><strong>ignes.</strong></span> 
     </span>
    </p>

    <p class='ocr_par' dir='ltr' id='par_1_38' title="bbox 182 2492 1599 2558">
     <span class='ocr_line' id='line_1_42' title="bbox 182 2492 1599 2558; baseline 0.001 -22"><span class='ocrx_word' id='word_1_294' title='bbox 182 2508 237 2537; x_wconf 91' lang='lat' dir='ltr'><strong>ne</strong></span> <span class='ocrx_word' id='word_1_295' title='bbox 260 2500 423 2543; x_wconf 89' lang='lat' dir='ltr'><strong>tamen,</strong></span> <span class='ocrx_word' id='word_1_296' title='bbox 448 2492 653 2543; x_wconf 89' lang='lat' dir='ltr'><strong>Troiane,</strong></span> <span class='ocrx_word' id='word_1_297' title='bbox 677 2501 858 2536; x_wconf 86' lang='lat' dir='ltr'><strong>metum:</strong></span> <span class='ocrx_word' id='word_1_298' title='bbox 883 2492 1044 2558; x_wconf 85' lang='lat' dir='ltr'><strong>potiere</strong></span> <span class='ocrx_word' id='word_1_299' title='bbox 1067 2492 1223 2548; x_wconf 88' lang='lat' dir='ltr'><strong>petitis,</strong></span> <span class='ocrx_word' id='word_1_300' title='bbox 1533 2506 1599 2539; x_wconf 89' lang='grc'><strong>110</strong></span> 
     </span>
    </p>

    <p class='ocr_par' dir='ltr' id='par_1_39' title="bbox 6 2548 1200 2607">
     <span class='ocr_line' id='line_1_43' title="bbox 6 2548 1200 2607; baseline -0.003 -13"><span class='ocrx_word' id='word_1_301' title='bbox 6 2591 7 2594; x_wconf 73' lang='grc'>,</span> <span class='ocrx_word' id='word_1_302' title='bbox 99 2603 102 2605; x_wconf 13' lang='grc' dir='ltr'><strong>Δ</strong></span> <span class='ocrx_word' id='word_1_303' title='bbox 166 2549 381 2607; x_wconf 85' lang='lat' dir='ltr'><strong>lysiasque</strong></span> <span class='ocrx_word' id='word_1_304' title='bbox 404 2549 552 2592; x_wconf 90' lang='lat' dir='ltr'><strong>domos</strong></span> <span class='ocrx_word' id='word_1_305' title='bbox 577 2557 620 2593; x_wconf 83' lang='lat' dir='ltr'><strong>et</strong></span> <span class='ocrx_word' id='word_1_306' title='bbox 642 2564 776 2606; x_wconf 86' lang='lat' dir='ltr'><strong>regna</strong></span> <span class='ocrx_word' id='word_1_307' title='bbox 798 2548 1029 2592; x_wconf 78' lang='lat' dir='ltr'><strong>novlssima</strong></span> <span class='ocrx_word' id='word_1_308' title='bbox 1052 2549 1200 2591; x_wconf 88' lang='lat' dir='ltr'><strong>mundi</strong></span> 
     </span>
    </p>

    <p class='ocr_par' dir='ltr' id='par_1_40' title="bbox 0 2605 1263 2663">
     <span class='ocr_line' id='line_1_44' title="bbox 0 2605 1263 2663; baseline -0.002 -13"><span class='ocrx_word' id='word_1_309' title='bbox 0 2633 1 2644; x_wconf 38' lang='lat'>¹</span> <span class='ocrx_word' id='word_1_310' title='bbox 42 2643 43 2646; x_wconf 62' lang='grc'>,</span> <span class='ocrx_word' id='word_1_311' title='bbox 122 2621 195 2650; x_wconf 91' lang='lat' dir='ltr'><strong>me</strong></span> <span class='ocrx_word' id='word_1_312' title='bbox 217 2606 327 2650; x_wconf 88' lang='lat' dir='ltr'><strong>duce</strong></span> <span class='ocrx_word' id='word_1_313' title='bbox 351 2621 582 2663; x_wconf 87' lang='lat' dir='ltr'><strong>cognosces</strong></span> <span class='ocrx_word' id='word_1_314' title='bbox 607 2606 916 2661; x_wconf 88' lang='lat' dir='ltr'><strong>simulacraque</strong></span> <span class='ocrx_word' id='word_1_315' title='bbox 941 2620 1039 2649; x_wconf 89' lang='lat' dir='ltr'><strong>cara</strong></span> <span class='ocrx_word' id='word_1_316' title='bbox 1062 2605 1263 2662; x_wconf 86' lang='lat' dir='ltr'><strong>parentis.</strong></span> 
     </span>
    </p>

    <p class='ocr_par' dir='ltr' id='par_1_41' title="bbox 5 2662 1113 2712">
     <span class='ocr_line' id='line_1_45' title="bbox 5 2662 1113 2707; baseline -0.002 0"><span class='ocrx_word' id='word_1_317' title='bbox 5 2673 11 2686; x_wconf 80' lang='lat'>¹</span> <span class='ocrx_word' id='word_1_318' title='bbox 121 2662 241 2707; x_wconf 79' lang='lat' dir='ltr'><strong>invia</strong></span> <span class='ocrx_word' id='word_1_319' title='bbox 263 2663 409 2707; x_wconf 88' lang='lat' dir='ltr'><strong>virtuti</strong></span> <span class='ocrx_word' id='word_1_320' title='bbox 431 2663 549 2707; x_wconf 91' lang='lat' dir='ltr'><strong>nulla</strong></span> <span class='ocrx_word' id='word_1_321' title='bbox 572 2670 637 2707; x_wconf 91' lang='lat' dir='ltr'><strong>est</strong></span> <span class='ocrx_word' id='word_1_322' title='bbox 659 2663 756 2706; x_wconf 65' lang='lat' dir='ltr'><strong>via!</strong></span> <span class='ocrx_word' id='word_1_323' title='bbox 815 2662 921 2706; x_wconf 87' lang='lat' dir='ltr'><strong>dixit</strong></span> <span class='ocrx_word' id='word_1_324' title='bbox 944 2670 986 2706; x_wconf 93' lang='lat' dir='ltr'><strong>et</strong></span> <span class='ocrx_word' id='word_1_325' title='bbox 1010 2677 1113 2705; x_wconf 88' lang='lat' dir='ltr'><strong>auro</strong></span> 
     </span>
    </p>

    <p class='ocr_par' dir='ltr' id='par_1_42' title="bbox 8 2719 1108 2777">
     <span class='ocr_line' id='line_1_46' title="bbox 8 2719 1108 2777; baseline -0.002 -13"><span class='ocrx_word' id='word_1_326' title='bbox 8 2775 11 2777; x_wconf 33' lang='grc'><strong>,</strong></span> <span class='ocrx_word' id='word_1_327' title='bbox 43 2729 47 2732; x_wconf 57' lang='lat'><strong>⁴</strong></span> <span class='ocrx_word' id='word_1_328' title='bbox 84 2721 92 2726; x_wconf 82' lang='grc'><em>”</em></span> <span class='ocrx_word' id='word_1_329' title='bbox 124 2719 363 2777; x_wconf 84' lang='lat' dir='ltr'><strong>fulgentem</strong></span> <span class='ocrx_word' id='word_1_330' title='bbox 386 2735 552 2763; x_wconf 84' lang='lat' dir='ltr'><strong>ramum</strong></span> <span class='ocrx_word' id='word_1_331' title='bbox 577 2720 684 2763; x_wconf 87' lang='lat' dir='ltr'><strong>silva</strong></span> <span class='ocrx_word' id='word_1_332' title='bbox 706 2720 883 2763; x_wconf 92' lang='lat' dir='ltr'><strong>Iunonis</strong></span> <span class='ocrx_word' id='word_1_333' title='bbox 907 2720 1108 2763; x_wconf 89' lang='lat' dir='ltr'><strong>Avernae</strong></span> 
     </span>
    </p>

    <p class='ocr_par' dir='ltr' id='par_1_43' title="bbox 4 2777 1600 2835">
     <span class='ocr_line' id='line_1_47' title="bbox 4 2777 1600 2834; baseline 0.002 -13"><span class='ocrx_word' id='word_1_334' title='bbox 4 2819 7 2821; x_wconf 74' lang='grc'><strong>,</strong></span> <span class='ocrx_word' id='word_1_335' title='bbox 54 2794 57 2795; x_wconf 67' lang='lat'><em>⁷</em></span> <span class='ocrx_word' id='word_1_336' title='bbox 125 2777 396 2829; x_wconf 85' lang='lat' dir='ltr'><strong>monstravit,</strong></span> <span class='ocrx_word' id='word_1_337' title='bbox 420 2777 626 2834; x_wconf 88' lang='lat' dir='ltr'><strong>iussitque</strong></span> <span class='ocrx_word' id='word_1_338' title='bbox 651 2792 728 2821; x_wconf 89' lang='lat' dir='ltr'><strong>suo</strong></span> <span class='ocrx_word' id='word_1_339' title='bbox 753 2777 953 2822; x_wconf 87' lang='lat' dir='ltr'><strong>divellere</strong></span> <span class='ocrx_word' id='word_1_340' title='bbox 976 2784 1139 2821; x_wconf 87' lang='lat' dir='ltr'><strong>trunco.</strong></span> <span class='ocrx_word' id='word_1_341' title='bbox 1531 2791 1600 2824; x_wconf 86' lang='lat'><strong>115</strong></span> 
     </span>
    </p>
   </div>
  </div>
 </body>
</html>
