1786 3242
284 433 350 465 120

283 713 347 745 125

283 994 348 1026 130

283 1275 346 1307 135

281 1556 346 1588 140

280 1838 344 1869 145

279 2119 344 2150 150

277 2399 341 2430 155

275 2678 340 2710 160

375 274 457 317 216
815 282 859 317 Ρ.
887 280 1052 319 OVIDII
1074 280 1291 319 NASONIS

372 363 485 406 mille
508 369 624 418 patet
646 362 802 418 plagis,
827 376 963 404 novus
987 369 1048 404 est
1074 376 1289 405 successor
1311 361 1544 406 habendus.
1776 406 1778 410 .

374 419 554 473 denique
577 441 634 448 —
657 418 759 472 quid
782 418 922 460 verbis
947 432 1054 474 opus
1077 418 1165 461 est?
1187 441 1243 449 —
1266 426 1509 475 spectemur>
1526 420 1714 477 agendo!
1775 415 1786 466 ᾖ

374 490 490 517 arma
513 474 592 516 viri
616 474 734 516 fortis
758 474 917 516 medios
941 474 1159 516 mittant-ur
1181 474 1225 517 in
1248 474 1410 518 hostes:

372 531 470 573 inde
494 530 635 572 iubete
657 530 745 585 peti
769 538 811 573 et
833 530 1085 573 referentem
1108 538 1252 574 ornate
1276 530 1455 574 relatisl’

428 586 615 630 Finierat
639 586 869 629 Telamone
894 594 1029 636 satus,
1053 587 1254 642 vulgique
1278 595 1471 630 secutum

373 643 521 685 ultima
545 657 735 684 murmur
759 650 847 685 erat
855 658 866 693 3
893 643 1026 685 donec
1048 642 1247 685 Laertius
1270 643 1393 686 heros

373 700 502 741 astitit
526 706 651 753 atque
676 699 819 741 oculos
843 699 1015 755 paulum
1039 699 1188 742 tellure
1210 706 1394 742 moratos

373 755 540 798 sustulit
565 755 619 797 ad
643 770 836 810 proceres
861 762 1165 811 expectatoque
1189 755 1361 798 resolvit

373 826 447 854 ora
471 826 572 853 sono
580 827 591 861 ;
616 826 754 866 neque
779 811 899 854 abest
922 812 1115 854 facundis
1138 812 1275 868 gratia.
1298 811 1438 854 dictis=

430 866 499 911 ‘Si
522 883 617 910 mea
641 883 738 910 cum
761 868 910 910 vestris
936 868 1165 919 valuissent
1188 875 1305 919 vota,
1329 867 1515 925 Pelasgi,

371 939 457 967 non
480 924 589 966 foret
613 924 837 980 ambiguus
861 924 967 966 tanti
991 924 1227 966 certaminis
1251 924 1386 973 heres,

372 989 502 1035 tuque
526 980 609 1022 tuis
634 981 780 1030 armis,
804 995 880 1022 nos
905 987 946 1023 te
969 989 1223 1036 poteremur,
1247 981 1429 1024 Achille.

373 1051 499 1091 quem
523 1037 721 1090 quoniam
745 1051 830 1078 non
854 1051 989 1091 aequa
1012 1037 1114 1079 mihi
1138 1037 1343 1092 vobisque
1365 1044 1575 1093 negarunt

371 1092 486 1142 fata‚'
509 1116 567 1123 —
588 1107 800 1147 manuque
825 1093 948 1134 simul
972 1093 1101 1135 veluti
1124 1093 1385 1135 lacrimantia
1407 1093 1526 1136 tersit

371 1150 531 1191 lumina
553 1173 610 1178 —
635 1149 747 1202 ‘quis
771 1163 926 1204 magno
950 1150 1099 1191 melius
1124 1149 1322 1192 succedat
1345 1149 1517 1199 Achilli,

372 1220 501 1259 quam
525 1219 601 1260 per
625 1219 752 1259 quem
776 1220 955 1261 magnus
979 1205 1143 1247 Danais
1167 1206 1368 1248 successit
1389 1205 1607 1248 Achilles?

372 1261 470 1303 huic
495 1261 620 1302 modo
643 1276 697 1303 ne
720 1261 870 1316 prosit,
895 1261 1028 1315 quod,
1051 1262 1114 1303 uti
1138 1269 1218 1311 est,
1241 1262 1371 1305 hebes
1395 1277 1488 1305 esse
1511 1262 1694 1314 videtur,

370 1332 478 1359 neve
501 1317 605 1358 mihi
627 1325 796 1366 noceat,
822 1317 935 1371 quod
959 1318 1079 1359 vobis
1104 1333 1281 1374 semper,
1305 1318 1475 1368 Achivi,

371 1373 547 1429 profuit,
571 1373 807 1429 ingenium3
831 1388 1010 1428 meaque
1034 1373 1138 1416 haec
1161 1374 1378 1425 facundia,
1403 1375 1438 1416 si
1461 1389 1546 1430 qua
1569 1382 1646 1424 est,

370 1444 480 1483 quae
503 1444 617 1471 nunc
639 1444 716 1485 pro
741 1430 924 1481 domino,
948 1444 1024 1486 pro
1049 1430 1168 1472 vobis
1193 1445 1319 1486 saepe
1341 1431 1483 1473 locuta
1506 1437 1582 1481 est,

369 1486 529 1528 invidia
553 1494 706 1528 careat.
729 1509 787 1517 ——
812 1486 922 1528 bona
944 1501 1022 1529 nec
1047 1501 1123 1528 sua
1147 1487 1325 1541 quisque
1348 1494 1526 1530 recuset.

369 1557 468 1584 nam
492 1556 627 1598 genus
652 1549 693 1584 et
716 1557 894 1598 proavos
920 1550 961 1585 et
985 1557 1093 1597 quae
1117 1557 1202 1584 non
1225 1543 1402 1586 fecimus
1425 1543 1520 1599 ipsi,

370 1599 442 1640 vix
466 1613 517 1640 ea
539 1606 683 1641 nostra
706 1613 824 1641 voco.
883 1599 958 1641 sed
982 1600 1112 1649 enim,
1138 1599 1237 1653 quia
1260 1599 1418 1642 rettulit
1441 1599 1556 1642 Aiax

370 1670 462 1697 esse
486 1655 600 1697 Iovis
625 1669 853 1711 pronepos:
877 1656 1007 1697 nostri
1033 1670 1201 1710 quoque
1226 1655 1442 1711 sanguinis
1465 1663 1612 1698 auctor

369 1711 563 1767 Iuppiter
587 1720 669 1761 est,
694 1711 950 1766 totidemque
974 1712 1131 1767 gradus
1157 1712 1361 1754 distamus
1386 1712 1440 1755 ab
1462 1712 1547 1755 illo.

369 1782 468 1809 nam
492 1767 595 1809 mihi
618 1767 793 1810 Lacrtes
818 1776 938 1823 pater
962 1775 1043 1817 est,
1067 1768 1269 1810 Arcesius
1292 1768 1366 1819 illi,

369 1823 562 1879 Iuppiter
585 1823 701 1866 huic:
732 1838 870 1878 neque
899 1824 943 1865 in
966 1824 1031 1865 his
1055 1824 1280 1879 quisquam
1304 1824 1526 1867 damnatus
1550 1831 1591 1868 et
1616 1825 1732 1868 exul.
1784 1851 1786 1855 ·

369 1887 433 1921 est
457 1894 624 1934 quoque
647 1894 723 1935 per
745 1887 921 1922 matrem
946 1878 1164 1934 Cyllenius
1188 1880 1331 1923 addita
1352 1881 1475 1923 nobis

370 1936 500 1978 altera
523 1936 730 1977 nobilitas.
789 1936 892 1978 deus
918 1946 981 1978 est
1004 1936 1047 1977 in
1072 1944 1250 1991 utroque
1273 1944 1461 2003 parente.

369 1992 443 2034 sed
467 2006 604 2046 neque
627 1999 815 2034 materno
839 1993 953 2046 quod
978 2008 1071 2034 sum
1095 2007 1337 2048 gener0s1or
1360 2000 1467 2043 ortu,

367 2062 446 2090 nec
469 2048 572 2090 mihi
596 2049 710 2103 quod
734 2056 852 2104 pater
876 2056 939 2091 est
962 2049 1134 2091 fraterni
1158 2049 1373 2105 sanguinis
1396 2049 1552 2100 insons,

369 2105 582 2159 proposita
606 2120 723 2146 arma
746 2113 861 2160 peto:
886 2105 1043 2147 meritis
1069 2105 1292 2161 expendite
1315 2120 1500 2148 causam.

369 2161 610 2210 dummodo,
634 2161 748 2215 quod
771 2161 921 2203 fratres
945 2161 1151 2204 Telamon
1173 2162 1414 2216 Peleusque
1436 2162 1623 2212 fuerunt,

366 2217 513 2258 Aiacis
537 2217 732 2259 meritum
757 2231 841 2259 non
866 2217 936 2266 sit3
961 2232 1039 2260 nec
1065 2218 1280 2273 sanguinis
1305 2218 1420 2270 ordo,

368 2273 442 2314 sed
466 2273 630 2315 virtutis
655 2273 788 2315 honor
812 2274 954 2329 spoliis
978 2283 1204 2328 quaerat-ur
1226 2274 1272 2316 in
1293 2274 1397 2316 istis.

367 2336 440 2371 aut
463 2329 498 2371 si
520 2330 765 2384 proximitas
788 2330 1032 2386 primusque
1055 2330 1281 2384 requiritur
1303 2330 1436 2380 heres,

367 2392 430 2427 est
453 2386 618 2441 genitor
640 2386 815 2436 Peleus,
841 2395 904 2428 est
926 2386 1117 2441 Pyrrhus
1141 2386 1250 2428 filius
1274 2386 1346 2429 illi.

366 2441 460 2495 quis
484 2442 602 2484 locus
625 2443 774 2484 Aiaci?
808 2443 1007 2484 Phthiam
1033 2442 1137 2485 haec
1163 2442 1398 2498 Scyrumve
1420 2442 1626 2486 ferantur.

364 2512 444 2540 nec
467 2498 605 2540 minus
631 2506 692 2540 est
715 2499 795 2540 isto
819 2499 984 2541 Teucer
1007 2499 1206 2555 patruelis
1231 2499 1408 2541 Achilli:

366 2569 470 2595 num
493 2555 597 2610 petit
619 2555 689 2597 ille
714 2555 880 2597 tamen?
902 2570 1005 2597 num
1030 2555 1064 2597 si
1088 2562 1222 2610 petat,
1247 2555 1410 2598 auferat
1432 2555 1528 2598 illa?
1550 2578 1612 2586 —

366 2625 466 2665 ergo
491 2625 664 2666 operum
688 2611 887 2665 quoniam
910 2611 1072 2653 nudum
1097 2619 1306 2654 certamen
1329 2611 1526 2654 habetur:

365 2667 486 2720 plura
511 2667 681 2721 quidem
705 2667 805 2717 feci,
830 2681 958 2722 quam
982 2682 1091 2722 quae
1115 2667 1413 2724 comprendere
1438 2667 1559 2710 dictis

362 2722 406 2763 in
430 2730 628 2778 promptu
652 2723 754 2764 mihi
779 2724 843 2765 sit.
902 2739 1042 2766 rerum
1065 2731 1207 2766 tamen
1230 2724 1375 2767 ordine
1397 2723 1542 2766 ducar.

363 2778 552 2833 praescia
576 2779 739 2822 venturi
764 2780 955 2835 genetrix
978 2780 1131 2823 Nereia
1154 2779 1227 2822 leti
