1774 3256
339 218 837 259 METAMORPHOSEON
858 221 957 258 LIB.
982 221 1013 257 1.
1038 221 1232 259 386—473.
1421 215 1474 257 11

159 324 195 339 -υ
217 322 225 338 0
245 322 254 338 ·-
281 299 358 344 ubi
380 302 628 359 temperiem
652 318 870 361 sumpsere
894 318 1101 403 umorque
1125 304 1337 360 calorque,
1374 356 1377 358 ,

86 367 94 403 ’ξ’
194 356 364 415 pium,
388 366 431 402 et
455 358 511 402 ab
534 359 601 402 his
625 361 819 404 oriuntur
841 370 994 404 cuncta
1047 361 1199 404 uobus.

38 414 41 419 ⁴
209 428 284 458 ue
300 414 362 458 sit
382 415 496 472 ignis
519 430 658 472 aquae
681 433 877 474 pugnax,
901 432 1036 474 vapor
1058 417 1230 461 umidus
1254 432 1400 463 omnes

190 478 327 522 creat,
351 478 393 515 et
417 472 577 516 discors
601 475 827 517 concordia
849 475 1006 518 fetibus
1031 482 1132 532 apta
1155 485 1232 519 est.

33 543 36 546 ’
226 527 302 571 ubi
325 528 486 572 diluvio
510 530 635 573 tellus
657 531 868 574 lutulenta
890 532 1050 575 recenti

74 535 260 634 2ffius
283 585 482 629 aetheriis
506 587 678 643 altoque
700 588 922 631 recanduit
945 596 1080 640 aestu,

75 640 232 695 J.'Jg''t·.·=
253 641 498 687 innumeras
521 644 686 700 species
709 644 948 701 partimque
970 645 1130 702 figuras

83 696 260 751 vmanlii:
282 698 500 756 antiquas,
522 700 678 757 partim
701 715 815 744 nova
837 709 1026 744 monstra
1049 704 1221 746 creavit.

75 749 173 806 fia
193 754 368 812 quidem
389 756 540 808 nollet,
564 757 640 800 sed
663 765 705 800 te
729 772 918 814 quoque,
941 759 1126 802 maxime
1149 759 1337 816 Python,

28 830 30 834 ·
66 850 68 854 ,
91 818 192 858 ω
212 811 384 870 genuit,
407 812 663 870 populisque
686 814 827 865 novis,
852 815 1067 871 incognite
1091 831 1280 873 serpens,

193 883 234 912 οι·
255 884 368 913 eras:
392 877 558 915 tantum
581 870 708 928 spatii
731 871 784 914 de
808 879 950 915 monte
974 872 1162 915 tenebas.

32 947 34 955 J
83 924 213 982 imno
235 925 341 969 deus
365 926 602 972 arcitenens
613 935 656 972 et
675 942 910 984 numquam
934 929 1090 972 talibus
1115 931 1243 973 armis

31 1007 42 1034 32
69 983 198 1028 ”nme
218 982 302 1026 nisi
322 982 369 1025 in
391 983 572 1027 dammis
596 985 844 1041 capreisque
868 985 1096 1042 fugacibus
1120 1001 1224 1030 usus

73 1038 214 1087 ‘mille
314 1054 412 1085 vem
434 1040 549 1091 telis,
573 1042 781 1086 exhausta
803 1057 939 1099 paene
962 1042 1175 1099 pharetra,

26 1107 32 1125 ⁸
69 1092 79 1147 f
93 1095 217 1155 pudi
263 1103 281 1140 t
302 1096 441 1143 effuso
464 1112 542 1155 per
563 1099 740 1142 vulnera
762 1099 886 1156 nigra
910 1115 1087 1143 veneno.

38 1158 76 1208 {g
95 1152 206 1199 neve
228 1154 367 1211 operis
390 1154 551 1198 famam
573 1163 718 1212 posset
742 1156 883 1200 delere
906 1164 1111 1208 vetustas,

28 1230 35 1243 ν
60 1208 278 1255 *instituit
300 1225 443 1255 sacros
466 1212 622 1256 celebri
646 1213 875 1257 certamine
898 1213 1037 1264 ludos,

24 1265 256 1335 Pythia
277 1268 540 1326 perdomitae
563 1271 772 1327 serpentis
795 1271 966 1314 nomine
991 1271 1138 1314 dictos.

34 1325 43 1355 Γ
57 1325 77 1376 ζ
94 1321 163 1368 lus
183 1323 388 1368 iuvenum
411 1325 669 1382 quicumque
693 1342 823 1370 manu
847 1328 1083 1384 pedibusve
1107 1335 1254 1372 rotave

34 1382 74 1432 ζὶ
94 1380 274 1432 vicerat,
298 1383 519 1427 aesculeae
543 1383 738 1441 capiebat
761 1384 923 1428 frondis
948 1384 1165 1428 honorem.

34 1442 68 1508 g
93 1436 285 1481 nondum
307 1438 454 1483 laurus
478 1447 588 1492 erat,
612 1441 827 1497 longoque
852 1442 1046 1484 decentia
1069 1442 1185 1486 crine

32 1534 35 1536 .
91 1501 290 1552 tempora
313 1495 514 1552 cingebat
537 1497 590 1540 de
614 1498 804 1552 qualibet
827 1498 977 1541 arbore
1001 1499 1219 1542 Phoebus.

91 1607 184 1651 fors
206 1609 358 1666 ignara
381 1609 520 1661 dedit,
544 1610 619 1654 sed
644 1626 772 1654 saeva
799 1610 1024 1668 Cupidinis
1048 1628 1125 1655 ira.

23 1685 29 1695 =
51 1700 62 1721 Α.
93 1664 248 1708 Delius
271 1665 387 1711 hunc
407 1681 558 1725 nuper,
582 1667 695 1710 victo
720 1678 913 1724 serpente
938 1670 1161 1725 superbus,

84 1722 259 1765 ‘viderat
282 1721 467 1768 adducto
490 1723 728 1768 flectentem
753 1739 913 1768 cornua
936 1741 1083 1777 nervo,

89 1778 323 1846 ‘quid'que
346 1779 463 1830 ‘tibi,
485 1780 644 1824 lascive
666 1796 787 1839 puer,
813 1797 911 1825 cum
934 1782 1116 1826 fortibus
1140 1784 1312 1827 armis?'

43 1863 55 1870 --
91 1835 278 1879 dixerat:
303 1836 404 1881 ‘ista
427 1837 579 1881 decent
601 1853 769 1882 umeros
825 1839 1032 1882 estamina
1054 1843 1245 1895 nostros,}

16 1910 26 1937 ¹.
41 1882 63 1938 ’Τ
89 1892 169 1949 qui
189 1892 292 1936 dare
315 1901 432 1938 certa
453 1894 591 1945 ferae,
615 1894 717 1938 dare
741 1911 798 1938 vu
815 1911 919 1939 nera
941 1911 1168 1953 possumus
1193 1898 1318 1950 hosti,

90 1948 168 2006 qui
189 1949 318 1994 modo
340 1951 542 2017 pestifero
565 1958 629 1994 tot
650 1952 800 2009 iugera
823 1961 970 1996 ventre
993 1962 1257 2010 prementem

35 2018 56 2062 ς’·
89 2005 320 2054 stravimus
342 2007 575 2052 innumeris
598 2009 810 2052 tumidum
832 2008 1036 2067 Pythona
1058 2012 1238 2068 sagittis.

24 2083 55 2120 .3
89 2070 140 2108 tu
161 2063 259 2108 face
279 2064 424 2109 nescio
447 2079 556 2121 quos
578 2073 670 2110 esto
694 2075 917 2110 contentus
941 2082 1107 2111 amores

24 2117 55 2156 ἕ-
89 2119 294 2178 instigare
317 2128 411 2173 tua,
434 2137 514 2166 nec
537 2122 686 2167 laudes
708 2139 848 2167 assere
872 2125 1065 2168 nostras.'

25 2178 57 2210 ‘3⁶³
88 2176 203 2221 filius
225 2177 327 2223 huic
350 2178 532 2223 Veneris
557 2180 683 2238 ‘figat
705 2188 805 2224 tuus
830 2181 990 2232 omnia,
1014 2182 1206 2232 Phoebe,

24 2197 57 2265 ἕ
88 2240 134 2278 te
155 2234 279 2279 meus
302 2235 447 2279 arcus’
472 2236 550 2280 ait:
575 2241 840 2294 ‘quantoque
864 2239 1063 2281 animalia
1087 2239 1243 2282 cedunt

26 2263 57 2331 ’ἐ
87 2298 244 2335 cuncta
267 2291 368 2342 deo,
392 2300 512 2337 tanto
536 2294 674 2337 minor
697 2302 762 2338 est
785 2303 859 2338 tua
881 2296 1019 2362 gloria
1041 2296 1212 2340 nostra.’

87 2347 198 2391 dixit
220 2355 264 2392 et
286 2348 390 2393 eliso
414 2351 626 2407 percussis
649 2355 747 2396 ae‘re
772 2367 923 2409 penms

31 2402 45 2413 ‘⁴
86 2403 272 2462 impiger
293 2406 495 2450 umbrosa
517 2407 699 2451 Parnasi
724 2410 910 2452 constitit
934 2424 1031 2453 arce

87 2475 198 2529 eque
221 2462 460 2520 sagittifera
480 2479 603 2522 prom
635 2466 689 2508 sit
712 2466 797 2508 duo
821 2467 906 2517 tela
928 2467 1128 2524 pharetra

87 2517 354 2564 diversorum
377 2534 574 2577 operum:
619 2530 724 2579 ugat
746 2522 842 2574 hoc,
867 2524 970 2567 facit
992 2524 1099 2567 illud
1124 2538 1325 2568 amorem.

84 2575 203 2632 quod
226 2575 350 2628 facit,
374 2585 572 2621 auratum
596 2587 661 2622 est
685 2586 728 2622 et
750 2580 926 2637 cuspide
950 2581 1088 2638 fulget
1111 2589 1255 2624 acuta:

85 2632 202 2688 quod
219 2632 358 2691 fligat,
383 2633 582 2678 obtusum
601 2643 666 2678 est
683 2643 726 2679 et
744 2636 874 2680 habet
893 2638 973 2680 sub
990 2638 1228 2683 harundine
1246 2637 1485 2697 plumbum.

86 2687 168 2733 hoc
191 2689 297 2733 deus
321 2689 366 2733 in
389 2691 580 2749 nympha
601 2692 791 2737 Peneide
814 2694 926 2746 fixit,
951 2701 994 2738 at
1016 2695 1089 2738 illo

84 2744 206 2790 laesit
231 2747 480 2806 Apollineas
503 2749 679 2794 traiecta
701 2765 778 2808 per
801 2766 896 2795 ossa
919 2752 1140 2796 medullas.

1499 319 1569 352 430

1499 605 1567 638 435

1498 889 1567 922 440

1497 1172 1565 1205 445

1496 1458 1565 1491 450

151 1551 326 1595 Primus
348 1567 469 1596 amor
490 1553 659 1597 Phoebi
681 1554 869 1611 Daphne
892 1555 1071 1622 Peneia-z
1098 1570 1226 1612 quem
1250 1571 1336 1599 non
1399 1568 1563 1614 Daphne.

1494 1743 1563 1775 455

1493 2029 1563 2061 460

1490 2312 1559 2345 465

1487 2584 1556 2630 4'70
