1774 3256
346 266 403 310 86
791 271 835 306 P.
861 270 1025 307 ov1D11
1047 268 1263 308 NASONIS

344 354 536 410 Iuppiter
559 352 723 408 excepit
748 355 1016 394 “‘commune
1039 358 1103 394 est
1126 351 1278 407 pignus
1303 365 1493 407 onusque

345 418 444 452 nata
466 409 569 451 mihi
593 417 746 451 tecum.
805 407 880 450 sed
903 407 939 450 si
963 407 1087 449 modo
1110 407 1281 450 nomina
1303 407 1429 450 rebus
1484 435 1486 437 -

256 480 323 511 525
348 466 503 508 addere
527 480 627 507 vera
649 464 806 520 placet,
829 477 915 506 non
938 463 1019 506 hoc
1040 463 1194 506 iniuria
1215 463 1390 514 factum,

346 536 493 564 verum
517 535 634 562 amor
657 527 732 563 est.
790 533 927 575 neque
951 519 1028 562 erit
1050 520 1172 562 nobis
1195 535 1325 576 gener
1346 520 1416 562 ille
1442 518 1607 576 pudori,

344 586 392 620 tu
415 577 558 626 modo,
584 577 701 626 diva,
727 576 843 619 velis.
900 583 948 618 ut
973 575 1110 618 desint
1133 583 1290 619 cetera:
1313 585 1520 632 quantum
1542 584 1607 620 est

346 649 437 677 esse
461 633 575 676 Iovis
599 632 790 675 fratreml
850 632 952 687 quid
976 633 1089 687 quod
1112 647 1197 675 non
1221 639 1360 676 cetera
1383 633 1548 683 desunt,

344 705 424 733 nec
448 690 558 733 cedit
581 690 662 732 nisi
686 698 796 732 sorte
819 689 948 731 mihi?
994 689 1069 731 sed
1092 695 1209 731 tanta
1233 689 1386 745 cupido

254 759 322 791 530
347 746 382 789 si
405 746 482 788 tibi
506 746 669 788 discidii
694 753 774 795 est,
798 752 959 801 repetet
981 744 1238 811 Proserpina
1261 745 1438 796 caelum,

343 803 438 859 lege
462 810 604 845 tamen
627 809 758 851 certa,
783 802 819 844 si
842 802 978 844 nullos
1003 801 1178 857 contiglt
1200 801 1285 844 illic

345 873 416 902 ore
440 859 575 901 cibos:
599 874 698 911 nam
722 858 784 901 sio
806 858 1038 900 Parcarum
1061 857 1231 900 foedere
1255 864 1427 900 cautum
1451 857 1540 900 est!
1554 857 1579 876 ”
1763 903 1774 913 ,Ἰ

400 915 594 958 Dixerat.
631 922 673 957 at
699 912 844 957 Cereri
868 921 1029 957 certum
1053 921 1117 956 est
1140 914 1319 957 educere
1341 922 1498 957 natam.
1542 912 1704 957 (tl-’wla-
1759 920 1774 959 s*

343 986 429 1013 non
452 972 512 1014 ita
534 971 624 1014 fata
648 971 807 1021 sinunt,
832 971 1031 1026 quoniam
1054 970 1212 1013 ieiunia
1234 970 1355 1026 virgo
1566 958 1681 1004 1⁹¹²²¹⁸·)

253 1040 320 1072 535
345 1028 527 1070 solverat
550 1035 592 1070 et
615 1027 736 1070 cultis
760 1027 863 1069 dum
886 1027 1064 1083 simplex
1087 1034 1198 1069 errat
1220 1026 1264 1068 in
1287 1025 1432 1076 hortis,

344 1084 571 1140 puniceum
595 1099 725 1126 curva
748 1084 1012 1139 decerpserat
1035 1083 1183 1125 arbore
1207 1097 1393 1138 pomum,

345 1147 596 1196 sumptaque
620 1140 792 1196 pallenti
815 1146 978 1195 septem
1002 1139 1054 1182 de
1079 1139 1232 1181 cortice
1255 1154 1389 1195 grana

344 1205 555 1252 presserat
578 1211 648 1239 ore
673 1211 762 1238 suo.
821 1196 1019 1250 solusque
1044 1210 1097 1238 ex
1120 1195 1315 1237 omnibus
1338 1194 1444 1237 illud

344 1252 612 1308 Ascalaphus
637 1252 759 1302 vidit,
784 1266 911 1306 quem
935 1251 1148 1306 quondam
1172 1251 1324 1293 dicitur
1347 1249 1539 1308 Orphne,

253 1322 322 1353 540
344 1309 452 1351 inter
475 1309 711 1351 Avernales
736 1308 850 1350 haud
873 1308 1136 1363 ignotissima
1158 1307 1380 1363 nymphas,

344 1380 397 1407 ex
420 1365 662 1407 Acheronte
686 1379 761 1406 suo
786 1364 920 1406 furvis
943 1364 1156 1420 peperisse
1179 1363 1259 1406 sub
1283 1363 1432 1406 antris:

343 1421 449 1463 vidit
471 1429 512 1464 et
534 1421 688 1463 indicio
712 1421 893 1463 reditum
917 1420 1097 1462 crudelis
1121 1420 1290 1463 ademit.

343 1477 550 1533 ingemuit
572 1477 719 1533 regina
741 1476 873 1519 Erebi
896 1484 1130 1530 testemque
1154 1476 1376 1533 profanam

343 1533 444 1576 fecit
467 1548 590 1576 avem
614 1547 892 1589 sparsumque
915 1542 1043 1588 caput
1065 1531 1418 1589 Phlegethontide
1441 1531 1617 1589 lympha

252 1602 319 1635 545
343 1589 388 1631 in
410 1597 592 1631 rostrum
616 1597 658 1632 et
680 1590 847 1645 plumas
872 1596 914 1632 et
936 1589 1114 1645 grandia
1137 1589 1298 1631 lumina
1320 1588 1457 1632 vertit.

341 1646 412 1688 ille
437 1646 517 1688 sibi
540 1646 705 1688 ablatus
729 1645 856 1687 fulvis
881 1645 1073 1687 amicitur
1096 1645 1150 1687 ab
1174 1646 1250 1687 alis

341 1702 470 1756 inque
494 1709 621 1758 caput
644 1702 794 1744 crescit
815 1702 1048 1758 longosque
1072 1702 1298 1744 reflectitur
1319 1716 1499 1758 ungues,

343 1758 498 1812 vixque
522 1765 664 1800 movet
687 1766 807 1800 natas
831 1773 907 1813 per
929 1758 1079 1800 inertia
1101 1758 1297 1800 bracchia
1319 1772 1498 1814 pennas:

343 1814 553 1869 foedaque
576 1815 624 1856 fit
646 1814 848 1863 volucris,
873 1814 1039 1856 venturi
1062 1814 1210 1856 nuntia
1231 1814 1383 1865 luctus,

251 1882 320 1915 550
342 1870 522 1926 ignavus
545 1870 679 1920 bubo,
705 1871 842 1912 dirum
865 1870 1112 1912 mortalibus
1136 1885 1273 1912 omen.
1768 1903 1769 1906 η

399 1926 485 1968 Hic
508 1937 648 1969 tamen
671 1926 826 1968 indicio
849 1941 1029 1982 poenam
1052 1926 1283 1982 linguaque
1306 1925 1440 1969 videri
1525 1935 1703 1980 (Sirenes.)

344 1983 640 2025 commeruisse
663 1990 815 2038 potest.
873 1983 1011 2032 vobis,
1036 1981 1311 2032 Acheloides,
1334 1982 1447 2024 unde
1766 1983 1774 1988 '

343 2039 487 2094 pluma
510 2039 724 2094 pedesque
748 2038 904 2088 avium,
930 2053 1027 2080 cum
1051 2039 1224 2094 virginis
1249 2052 1323 2080 ora
1345 2038 1527 2095 geratis?

344 2110 398 2137 an
421 2095 539 2149 quia,
565 2109 662 2137 cum
685 2095 845 2150 legeret
868 2109 1019 2137 vernos
1043 2094 1298 2151 Proserpina
1319 2094 1457 2144 flores,

252 2164 318 2196 555
342 2151 387 2193 in
411 2151 611 2193 comitum
633 2165 823 2201 numer0,
847 2151 996 2194 doctae
1022 2150 1212 2201 Sirenes,
1237 2150 1387 2193 eratis?

343 2222 470 2262 quam
494 2215 719 2263 postquam
742 2214 830 2249 toto
854 2207 1012 2250 frustra
1035 2207 1256 2262 quaesistis
1279 2207 1324 2249 in
1348 2207 1463 2257 orbe,

342 2264 553 2319 protinus,
578 2271 626 2305 ut
648 2271 831 2306 vestram
856 2264 1056 2306 sentirent
1081 2278 1266 2318 aequora
1289 2277 1446 2314 curam,

342 2334 465 2375 posse
490 2335 616 2375 super
639 2320 791 2362 fluctus
816 2320 977 2362 alarum
999 2319 1191 2363 insistere
1214 2320 1340 2362 remis

343 2376 531 2430 optastis.
590 2376 819 2430 facilesque
844 2376 944 2418 deos
968 2376 1173 2418 habuistis
1198 2384 1240 2418 et
1263 2383 1378 2418 artus

252 2445 319 2477 560
343 2432 505 2474 vidistis
529 2440 690 2474 vestros
715 2432 864 2474 subitis
887 2432 1113 2475 flavescere
1137 2432 1299 2488 pennis.

342 2503 395 2530 ne
419 2495 561 2530 tamen
584 2488 654 2531 ille
679 2503 806 2531 canor
830 2489 1075 2531 mulcendas
1097 2496 1221 2531 natus
1245 2488 1300 2530 ad
1324 2503 1447 2531 aures

342 2551 542 2599 tantaque
568 2545 643 2586 dos
668 2546 750 2587 oris
773 2545 944 2600 linguae
969 2545 1217 2600 deperderet
1239 2559 1378 2594 usum,

342 2600 408 2642 vir
439 2601 522 2643 ‘nei
546 2602 687 2643 vultus
712 2609 754 2644 et
778 2616 862 2643 vox
885 2601 1071 2643 humana
1094 2601 1306 2643 remansit.

445 2664 462 2698 t
485 2657 648 2699 medius
672 2657 896 2712 fratrisque
921 2657 985 2699 sui
1009 2665 1276 2711 maestaeque
1301 2656 1452 2699 sororis

253 2725 319 2757 565
343 2712 535 2768 Iuppiter
558 2728 612 2755 ex
635 2727 770 2768 aequo
794 2714 1032 2756 volventem
1058 2713 1206 2755 dividit
1229 2728 1399 2756 annum.

343 2783 457 2811 nunc
481 2769 579 2819 dea,
603 2784 828 2825 regnorum
852 2785 1009 2813 numen
1033 2784 1253 2813 commune
1278 2769 1471 2816 duorum,
