<?xml version="1.0" encoding="UTF-8"?>
<!DOCTYPE html PUBLIC "-//W3C//DTD XHTML 1.0 Transitional//EN"
    "http://www.w3.org/TR/xhtml1/DTD/xhtml1-transitional.dtd">
<html xmlns="http://www.w3.org/1999/xhtml" xml:lang="en" lang="en">
 <head>
  <title>
</title>
<meta http-equiv="Content-Type" content="text/html;charset=utf-8" />
  <meta name='ocr-system' content='tesseract 3.04.00' />
  <meta name='ocr-capabilities' content='ocr_page ocr_carea ocr_par ocr_line ocrx_word'/>
</head>
<body>
  <div class='ocr_page' id='page_1' title='image "./carminao02oviduoft_0052.png"; bbox 0 0 1774 3256; ppageno 0'>
   <div class='ocr_carea' id='block_1_1' title="bbox 1675 0 1774 920">
    <p class='ocr_par' dir='ltr' id='par_1_1' title="bbox 1675 0 1774 920">
     <span class='ocr_line' id='line_1_1' title="bbox 1675 0 1774 457; baseline 0 -173"><span class='ocrx_word' id='word_1_1' title='bbox 1675 0 1774 284; x_wconf 95' lang='lat' dir='ltr'>  </span> <span class='ocrx_word' id='word_1_2' title='bbox 1734 241 1774 457; x_wconf 95' lang='lat' dir='ltr'>    </span> <span class='ocrx_word' id='word_1_3' title='bbox 1757 352 1774 457; x_wconf 95' lang='lat' dir='ltr'>  </span> 
     </span>
     <span class='ocr_line' id='line_1_2' title="bbox 1736 457 1774 920; baseline 0 0"><span class='ocrx_word' id='word_1_4' title='bbox 1736 457 1738 767; x_wconf 95' lang='lat' dir='ltr'> </span> <span class='ocrx_word' id='word_1_5' title='bbox 1757 457 1774 920; x_wconf 95' lang='lat' dir='ltr'> </span> 
     </span>
    </p>
   </div>
   <div class='ocr_carea' id='block_1_2' title="bbox 368 231 1282 274">
    <p class='ocr_par' dir='ltr' id='par_1_2' title="bbox 368 231 1282 274">
     <span class='ocr_line' id='line_1_3' title="bbox 368 231 1282 274; baseline -0.004 0"><span class='ocrx_word' id='word_1_6' title='bbox 368 231 421 274; x_wconf 89' lang='grc'>16</span> <span class='ocrx_word' id='word_1_7' title='bbox 805 237 850 272; x_wconf 87' lang='grc' dir='ltr'>Ρ.</span> <span class='ocrx_word' id='word_1_8' title='bbox 877 235 1043 272; x_wconf 85' lang='lat' dir='ltr'>0V1D11</span> <span class='ocrx_word' id='word_1_9' title='bbox 1065 233 1282 271; x_wconf 86' lang='lat' dir='ltr'>NASONIS</span> 
     </span>
    </p>
   </div>
   <div class='ocr_carea' id='block_1_3' title="bbox 276 313 1763 587">
    <p class='ocr_par' dir='ltr' id='par_1_3' title="bbox 276 313 1763 587">
     <span class='ocr_line' id='line_1_4' title="bbox 276 313 1761 372; baseline -0.005 -5"><span class='ocrx_word' id='word_1_10' title='bbox 276 335 342 367; x_wconf 92' lang='grc'>650</span> <span class='ocrx_word' id='word_1_11' title='bbox 367 326 454 363; x_wconf 91' lang='lat' dir='ltr'>‘me</span> <span class='ocrx_word' id='word_1_12' title='bbox 476 318 712 362; x_wconf 81' lang='lat' dir='ltr'>miseruml’</span> <span class='ocrx_word' id='word_1_13' title='bbox 739 317 946 360; x_wconf 80' lang='lat' dir='ltr'><strong>exclamat</strong></span> <span class='ocrx_word' id='word_1_14' title='bbox 968 322 1088 372; x_wconf 89' lang='lat' dir='ltr'>pater</span> <span class='ocrx_word' id='word_1_15' title='bbox 1110 314 1315 366; x_wconf 83' lang='lat' dir='ltr'><strong>Inachus,</strong></span> <span class='ocrx_word' id='word_1_16' title='bbox 1339 314 1468 371; x_wconf 87' lang='lat' dir='ltr'>inque</span> <span class='ocrx_word' id='word_1_17' title='bbox 1489 313 1734 372; x_wconf 44' lang='lat' dir='ltr'>gementia?</span> <span class='ocrx_word' id='word_1_18' title='bbox 1760 323 1761 328; x_wconf 77' lang='grc'>’</span> 
     </span>
     <span class='ocr_line' id='line_1_5' title="bbox 368 371 1587 428; baseline -0.005 -9"><span class='ocrx_word' id='word_1_19' title='bbox 368 376 565 420; x_wconf 87' lang='lat' dir='ltr'>cornibus</span> <span class='ocrx_word' id='word_1_20' title='bbox 589 383 631 418; x_wconf 92' lang='lat' dir='ltr'>et</span> <span class='ocrx_word' id='word_1_21' title='bbox 653 375 802 416; x_wconf 88' lang='lat' dir='ltr'>niveae</span> <span class='ocrx_word' id='word_1_22' title='bbox 825 372 1015 428; x_wconf 87' lang='lat' dir='ltr'>pendens</span> <span class='ocrx_word' id='word_1_23' title='bbox 1038 371 1200 414; x_wconf 89' lang='lat' dir='ltr'>cervice</span> <span class='ocrx_word' id='word_1_24' title='bbox 1222 371 1426 414; x_wconf 88' lang='lat' dir='ltr'>iuvencae</span> <span class='ocrx_word' id='word_1_25' title='bbox 1573 378 1587 402; x_wconf 74' lang='lat'><strong><em>⁹</em></strong></span> 
     </span>
     <span class='ocr_line' id='line_1_6' title="bbox 368 423 1736 484; baseline -0.004 -10"><span class='ocrx_word' id='word_1_26' title='bbox 368 438 455 475; x_wconf 92' lang='lat' dir='ltr'>‘me</span> <span class='ocrx_word' id='word_1_27' title='bbox 478 429 716 473; x_wconf 87' lang='lat' dir='ltr'>miseruml’</span> <span class='ocrx_word' id='word_1_28' title='bbox 740 428 985 484; x_wconf 86' lang='lat' dir='ltr'>ingeminat,</span> <span class='ocrx_word' id='word_1_29' title='bbox 1011 431 1131 470; x_wconf 89' lang='lat' dir='ltr'>‘tune</span> <span class='ocrx_word' id='word_1_30' title='bbox 1156 442 1220 477; x_wconf 90' lang='lat' dir='ltr'>es,</span> <span class='ocrx_word' id='word_1_31' title='bbox 1245 427 1437 483; x_wconf 84' lang='lat' dir='ltr'>quaesita</span> <span class='ocrx_word' id='word_1_32' title='bbox 1458 441 1535 484; x_wconf 80' lang='lat' dir='ltr'>per</span> <span class='ocrx_word' id='word_1_33' title='bbox 1556 423 1736 475; x_wconf 66' lang='lat' dir='ltr'>omnes-„Jv</span> 
     </span>
     <span class='ocr_line' id='line_1_7' title="bbox 366 483 1763 540; baseline -0.005 -9"><span class='ocrx_word' id='word_1_34' title='bbox 366 497 468 531; x_wconf 89' lang='lat' dir='ltr'>nata</span> <span class='ocrx_word' id='word_1_35' title='bbox 490 487 593 529; x_wconf 89' lang='lat' dir='ltr'>mihi</span> <span class='ocrx_word' id='word_1_36' title='bbox 615 485 772 528; x_wconf 87' lang='lat' dir='ltr'>terras?</span> <span class='ocrx_word' id='word_1_37' title='bbox 795 492 841 527; x_wconf 91' lang='lat' dir='ltr'>tu</span> <span class='ocrx_word' id='word_1_38' title='bbox 864 499 950 526; x_wconf 90' lang='lat' dir='ltr'>non</span> <span class='ocrx_word' id='word_1_39' title='bbox 972 483 1144 526; x_wconf 88' lang='lat' dir='ltr'>inventa</span> <span class='ocrx_word' id='word_1_40' title='bbox 1166 490 1333 540; x_wconf 87' lang='lat' dir='ltr'>reperta</span> <span class='ocrx_word' id='word_1_41' title='bbox 1760 488 1763 490; x_wconf 74' lang='grc'><strong><em>’</em></strong></span> 
     </span>
     <span class='ocr_line' id='line_1_8' title="bbox 367 539 1446 587; baseline -0.005 0"><span class='ocrx_word' id='word_1_42' title='bbox 367 546 506 587; x_wconf 83' lang='lat' dir='ltr'>luctus</span> <span class='ocrx_word' id='word_1_43' title='bbox 530 558 622 586; x_wconf 91' lang='lat' dir='ltr'>eras</span> <span class='ocrx_word' id='word_1_44' title='bbox 646 542 790 584; x_wconf 88' lang='lat' dir='ltr'>levior.</span> <span class='ocrx_word' id='word_1_45' title='bbox 849 540 998 583; x_wconf 81' lang='lat' dir='ltr'>retices</span> <span class='ocrx_word' id='word_1_46' title='bbox 1021 554 1101 582; x_wconf 89' lang='lat' dir='ltr'>nec</span> <span class='ocrx_word' id='word_1_47' title='bbox 1123 548 1272 582; x_wconf 89' lang='lat' dir='ltr'>mutua</span> <span class='ocrx_word' id='word_1_48' title='bbox 1293 539 1446 583; x_wconf 89' lang='lat' dir='ltr'>nostris</span> 
     </span>
    </p>
   </div>
   <div class='ocr_carea' id='block_1_4' title="bbox 276 494 1757 701">
    <p class='ocr_par' dir='ltr' id='par_1_4' title="bbox 276 494 1757 701">
     <span class='ocr_line' id='line_1_9' title="bbox 1738 494 1754 580; baseline 0 -1"><span class='ocrx_word' id='word_1_49' title='bbox 1738 494 1754 580; x_wconf 58' lang='grc' dir='ltr'>ἶ,</span> 
     </span>
     <span class='ocr_line' id='line_1_10' title="bbox 276 595 1753 652; baseline -0.007 -8"><span class='ocrx_word' id='word_1_50' title='bbox 276 612 343 644; x_wconf 89' lang='grc'>655</span> <span class='ocrx_word' id='word_1_51' title='bbox 369 601 480 642; x_wconf 87' lang='lat' dir='ltr'>dicta</span> <span class='ocrx_word' id='word_1_52' title='bbox 501 599 652 648; x_wconf 86' lang='lat' dir='ltr'>refers3</span> <span class='ocrx_word' id='word_1_53' title='bbox 678 598 762 640; x_wconf 90' lang='lat' dir='ltr'>alto</span> <span class='ocrx_word' id='word_1_54' title='bbox 786 604 950 639; x_wconf 85' lang='lat' dir='ltr'>tantum</span> <span class='ocrx_word' id='word_1_55' title='bbox 975 596 1155 652; x_wconf 89' lang='lat' dir='ltr'>suspiria</span> <span class='ocrx_word' id='word_1_56' title='bbox 1179 596 1297 639; x_wconf 88' lang='lat' dir='ltr'>ducis</span> <span class='ocrx_word' id='word_1_57' title='bbox 1724 595 1753 638; x_wconf 67' lang='grc' dir='ltr'>ἑ</span> 
     </span>
     <span class='ocr_line' id='line_1_11' title="bbox 1740 681 1757 701; baseline 0 -12"><span class='ocrx_word' id='word_1_58' title='bbox 1740 681 1757 701; x_wconf 57' lang='lat'>&gt;-</span> 
     </span>
    </p>
   </div>
   <div class='ocr_carea' id='block_1_5' title="bbox 1722 262 1733 294">
    <p class='ocr_par' dir='ltr' id='par_1_5' title="bbox 1722 262 1733 294">
     <span class='ocr_line' id='line_1_12' title="bbox 1722 262 1733 294; baseline 0 0"><span class='ocrx_word' id='word_1_59' title='bbox 1722 262 1733 294; x_wconf 58' lang='lat' dir='ltr'>&#39;i</span> 
     </span>
    </p>
   </div>
   <div class='ocr_carea' id='block_1_6' title="bbox 1724 322 1734 389">
    <p class='ocr_par' dir='ltr' id='par_1_6' title="bbox 1724 322 1734 389">
     <span class='ocr_line' id='line_1_13' title="bbox 1726 322 1732 330; baseline 0 0"><span class='ocrx_word' id='word_1_60' title='bbox 1726 322 1732 330; x_wconf 72' lang='grc' dir='ltr'>,ι</span> 
     </span>
     <span class='ocr_line' id='line_1_14' title="bbox 1724 373 1734 389; baseline 0 0"><span class='ocrx_word' id='word_1_61' title='bbox 1724 373 1734 389; x_wconf 59' lang='lat'>⁷.</span> 
     </span>
    </p>
   </div>
   <div class='ocr_carea' id='block_1_7' title="bbox 278 650 1774 2624">
    <p class='ocr_par' dir='ltr' id='par_1_7' title="bbox 278 650 1774 2624">
     <span class='ocr_line' id='line_1_15' title="bbox 367 650 1761 713; baseline -0.004 -14"><span class='ocrx_word' id='word_1_62' title='bbox 367 663 555 713; x_wconf 82' lang='lat' dir='ltr'>pectore,</span> <span class='ocrx_word' id='word_1_63' title='bbox 581 655 780 710; x_wconf 89' lang='lat' dir='ltr'>quodque</span> <span class='ocrx_word' id='word_1_64' title='bbox 803 668 934 695; x_wconf 90' lang='lat' dir='ltr'>unum</span> <span class='ocrx_word' id='word_1_65' title='bbox 958 661 1098 708; x_wconf 89' lang='lat' dir='ltr'>potes,</span> <span class='ocrx_word' id='word_1_66' title='bbox 1124 652 1178 694; x_wconf 92' lang='lat' dir='ltr'>ad</span> <span class='ocrx_word' id='word_1_67' title='bbox 1201 668 1296 695; x_wconf 89' lang='lat' dir='ltr'>mea</span> <span class='ocrx_word' id='word_1_68' title='bbox 1319 651 1450 695; x_wconf 86' lang='lat' dir='ltr'>verba</span> <span class='ocrx_word' id='word_1_69' title='bbox 1471 650 1670 709; x_wconf 83' lang='lat' dir='ltr'>remugis.</span> <span class='ocrx_word' id='word_1_70' title='bbox 1724 653 1761 712; x_wconf 75' lang='lat'><em>5</em></span> 
     </span>
     <span class='ocr_line' id='line_1_16' title="bbox 369 708 1747 767; baseline -0.004 -12"><span class='ocrx_word' id='word_1_71' title='bbox 369 720 413 755; x_wconf 89' lang='lat' dir='ltr'>at</span> <span class='ocrx_word' id='word_1_72' title='bbox 434 712 512 754; x_wconf 92' lang='lat' dir='ltr'>tibi</span> <span class='ocrx_word' id='word_1_73' title='bbox 535 726 614 767; x_wconf 91' lang='lat' dir='ltr'>ego</span> <span class='ocrx_word' id='word_1_74' title='bbox 637 711 809 766; x_wconf 87' lang='lat' dir='ltr'>ignarus</span> <span class='ocrx_word' id='word_1_75' title='bbox 833 709 1039 752; x_wconf 83' lang='lat' dir='ltr'><strong>thalamos</strong></span> <span class='ocrx_word' id='word_1_76' title='bbox 1063 709 1290 764; x_wconf 85' lang='lat' dir='ltr'>taedasque</span> <span class='ocrx_word' id='word_1_77' title='bbox 1314 708 1530 766; x_wconf 83' lang='lat' dir='ltr'><strong>parabam,</strong></span> <span class='ocrx_word' id='word_1_78' title='bbox 1742 714 1747 727; x_wconf 84' lang='lat'><em>&#39;</em></span> 
     </span>
     <span class='ocr_line' id='line_1_17' title="bbox 370 765 1763 826; baseline -0.003 -15"><span class='ocrx_word' id='word_1_79' title='bbox 370 783 549 825; x_wconf 87' lang='lat' dir='ltr'>spesque</span> <span class='ocrx_word' id='word_1_80' title='bbox 573 767 654 809; x_wconf 87' lang='lat' dir='ltr'>fuit</span> <span class='ocrx_word' id='word_1_81' title='bbox 676 766 821 823; x_wconf 81' lang='lat' dir='ltr'>generi</span> <span class='ocrx_word' id='word_1_82' title='bbox 843 766 947 807; x_wconf 86' lang='lat' dir='ltr'>mihi</span> <span class='ocrx_word' id='word_1_83' title='bbox 968 766 1123 821; x_wconf 87' lang='lat' dir='ltr'>prima,</span> <span class='ocrx_word' id='word_1_84' title='bbox 1147 765 1332 808; x_wconf 87' lang='lat' dir='ltr'>secunda</span> <span class='ocrx_word' id='word_1_85' title='bbox 1354 772 1571 821; x_wconf 86' lang='lat' dir='ltr'>nepotum.</span> <span class='ocrx_word' id='word_1_86' title='bbox 1719 808 1722 810; x_wconf 69' lang='grc'>,</span> <span class='ocrx_word' id='word_1_87' title='bbox 1741 795 1763 826; x_wconf 55' lang='lat' dir='ltr'>a</span> 
     </span>
     <span class='ocr_line' id='line_1_18' title="bbox 370 819 1753 881; baseline -0.001 -14"><span class='ocrx_word' id='word_1_88' title='bbox 370 827 423 868; x_wconf 90' lang='lat' dir='ltr'>de</span> <span class='ocrx_word' id='word_1_89' title='bbox 446 839 576 881; x_wconf 86' lang='lat' dir='ltr'>grege</span> <span class='ocrx_word' id='word_1_90' title='bbox 600 838 713 866; x_wconf 92' lang='lat' dir='ltr'>nunc</span> <span class='ocrx_word' id='word_1_91' title='bbox 736 822 813 864; x_wconf 85' lang='lat' dir='ltr'>tibi</span> <span class='ocrx_word' id='word_1_92' title='bbox 837 822 913 872; x_wconf 89' lang='lat' dir='ltr'>vir,</span> <span class='ocrx_word' id='word_1_93' title='bbox 937 837 1050 864; x_wconf 91' lang='lat' dir='ltr'>nunc</span> <span class='ocrx_word' id='word_1_94' title='bbox 1074 822 1126 864; x_wconf 88' lang='lat' dir='ltr'>de</span> <span class='ocrx_word' id='word_1_95' title='bbox 1149 837 1280 878; x_wconf 85' lang='lat' dir='ltr'>grege</span> <span class='ocrx_word' id='word_1_96' title='bbox 1303 829 1426 864; x_wconf 89' lang='lat' dir='ltr'>natus</span> <span class='ocrx_word' id='word_1_97' title='bbox 1449 819 1688 864; x_wconf 72' lang='lat' dir='ltr'>habendus!</span> <span class='ocrx_word' id='word_1_98' title='bbox 1727 823 1753 876; x_wconf 52' lang='lat'>2</span> 
     </span>
     <span class='ocr_line' id='line_1_19' title="bbox 278 876 1758 932; baseline -0.004 -6"><span class='ocrx_word' id='word_1_99' title='bbox 278 883 347 926; x_wconf 85' lang='grc'>660</span> <span class='ocrx_word' id='word_1_100' title='bbox 370 896 449 924; x_wconf 93' lang='lat' dir='ltr'>nec</span> <span class='ocrx_word' id='word_1_101' title='bbox 472 881 591 923; x_wconf 92' lang='lat' dir='ltr'>finire</span> <span class='ocrx_word' id='word_1_102' title='bbox 613 880 711 922; x_wconf 89' lang='lat' dir='ltr'>licet</span> <span class='ocrx_word' id='word_1_103' title='bbox 734 886 872 921; x_wconf 89' lang='lat' dir='ltr'>tantos</span> <span class='ocrx_word' id='word_1_104' title='bbox 895 878 998 920; x_wconf 89' lang='lat' dir='ltr'>mihi</span> <span class='ocrx_word' id='word_1_105' title='bbox 1020 886 1154 920; x_wconf 90' lang='lat' dir='ltr'>morte</span> <span class='ocrx_word' id='word_1_106' title='bbox 1178 879 1362 929; x_wconf 82' lang='lat' dir='ltr'>dolores3</span> <span class='ocrx_word' id='word_1_107' title='bbox 1744 876 1758 932; x_wconf 88' lang='lat' dir='ltr'>J</span> 
     </span>
     <span class='ocr_line' id='line_1_20' title="bbox 370 933 1761 1009; baseline -0.004 -29"><span class='ocrx_word' id='word_1_108' title='bbox 370 938 445 980; x_wconf 88' lang='lat' dir='ltr'>sed</span> <span class='ocrx_word' id='word_1_109' title='bbox 467 944 610 987; x_wconf 89' lang='lat' dir='ltr'>nocet,</span> <span class='ocrx_word' id='word_1_110' title='bbox 635 951 726 978; x_wconf 89' lang='lat' dir='ltr'>esse</span> <span class='ocrx_word' id='word_1_111' title='bbox 750 936 895 984; x_wconf 89' lang='lat' dir='ltr'>deum,</span> <span class='ocrx_word' id='word_1_112' title='bbox 921 935 1223 991; x_wconf 83' lang='lat' dir='ltr'>praeclusaque</span> <span class='ocrx_word' id='word_1_113' title='bbox 1246 935 1373 977; x_wconf 88' lang='lat' dir='ltr'>ianua</span> <span class='ocrx_word' id='word_1_114' title='bbox 1395 933 1472 977; x_wconf 86' lang='lat' dir='ltr'>leti</span> <span class='ocrx_word' id='word_1_115' title='bbox 1746 947 1761 1009; x_wconf 60' lang='lat' dir='ltr'>l</span> 
     </span>
     <span class='ocr_line' id='line_1_21' title="bbox 371 990 1760 1037; baseline -0.004 -1"><span class='ocrx_word' id='word_1_116' title='bbox 371 1001 586 1037; x_wconf 87' lang='lat' dir='ltr'>aeternum</span> <span class='ocrx_word' id='word_1_117' title='bbox 609 1000 774 1035; x_wconf 90' lang='lat' dir='ltr'>nostros</span> <span class='ocrx_word' id='word_1_118' title='bbox 796 992 936 1034; x_wconf 90' lang='lat' dir='ltr'>luctus</span> <span class='ocrx_word' id='word_1_119' title='bbox 960 991 1147 1033; x_wconf 88' lang='lat' dir='ltr'>extendit</span> <span class='ocrx_word' id='word_1_120' title='bbox 1168 991 1213 1033; x_wconf 91' lang='lat' dir='ltr'>in</span> <span class='ocrx_word' id='word_1_121' title='bbox 1237 990 1415 1033; x_wconf 87' lang='lat' dir='ltr'>aevum.’</span> <span class='ocrx_word' id='word_1_122' title='bbox 1728 995 1760 1011; x_wconf 50' lang='lat'>&#39;²&#39;</span> 
     </span>
     <span class='ocr_line' id='line_1_22' title="bbox 371 1047 1407 1103; baseline -0.003 -11"><span class='ocrx_word' id='word_1_123' title='bbox 371 1051 472 1092; x_wconf 84' lang='lat' dir='ltr'>talia</span> <span class='ocrx_word' id='word_1_124' title='bbox 494 1057 749 1092; x_wconf 90' lang='lat' dir='ltr'>maerentem</span> <span class='ocrx_word' id='word_1_125' title='bbox 774 1049 963 1090; x_wconf 89' lang='lat' dir='ltr'>stellatus</span> <span class='ocrx_word' id='word_1_126' title='bbox 989 1054 1225 1090; x_wconf 90' lang='lat' dir='ltr'>summovet</span> <span class='ocrx_word' id='word_1_127' title='bbox 1247 1047 1407 1103; x_wconf 84' lang='lat' dir='ltr'>Argus,</span> 
     </span>
     <span class='ocr_line' id='line_1_23' title="bbox 372 1104 1766 1162; baseline -0.004 -13"><span class='ocrx_word' id='word_1_128' title='bbox 372 1113 643 1162; x_wconf 81' lang='lat' dir='ltr'>ereptamque</span> <span class='ocrx_word' id='word_1_129' title='bbox 667 1105 777 1161; x_wconf 88' lang='lat' dir='ltr'>patri</span> <span class='ocrx_word' id='word_1_130' title='bbox 801 1104 967 1146; x_wconf 89' lang='lat' dir='ltr'>diversa</span> <span class='ocrx_word' id='word_1_131' title='bbox 990 1104 1035 1145; x_wconf 91' lang='lat' dir='ltr'>in</span> <span class='ocrx_word' id='word_1_132' title='bbox 1057 1119 1216 1160; x_wconf 86' lang='lat' dir='ltr'>pascua</span> <span class='ocrx_word' id='word_1_133' title='bbox 1237 1110 1382 1146; x_wconf 87' lang='lat' dir='ltr'>natam</span> <span class='ocrx_word' id='word_1_134' title='bbox 1729 1115 1766 1150; x_wconf 40' lang='lat' dir='ltr'>,a</span> 
     </span>
     <span class='ocr_line' id='line_1_24' title="bbox 281 1160 1495 1217; baseline -0.005 -9"><span class='ocrx_word' id='word_1_135' title='bbox 281 1161 347 1208; x_wconf 85' lang='grc'>665</span> <span class='ocrx_word' id='word_1_136' title='bbox 372 1163 594 1205; x_wconf 85' lang='lat' dir='ltr'>abstrahit:</span> <span class='ocrx_word' id='word_1_137' title='bbox 618 1162 716 1204; x_wconf 90' lang='lat' dir='ltr'>inde</span> <span class='ocrx_word' id='word_1_138' title='bbox 741 1161 887 1217; x_wconf 91' lang='lat' dir='ltr'>procul</span> <span class='ocrx_word' id='word_1_139' title='bbox 910 1160 1064 1202; x_wconf 89' lang='lat' dir='ltr'>montis</span> <span class='ocrx_word' id='word_1_140' title='bbox 1089 1160 1267 1203; x_wconf 89' lang='lat' dir='ltr'>sublime</span> <span class='ocrx_word' id='word_1_141' title='bbox 1291 1173 1495 1202; x_wconf 82' lang='lat' dir='ltr'>cacumen</span> 
     </span>
     <span class='ocr_line' id='line_1_25' title="bbox 373 1216 1774 1278; baseline -0.004 -16"><span class='ocrx_word' id='word_1_142' title='bbox 373 1227 571 1274; x_wconf 89' lang='lat' dir='ltr'>occupat,</span> <span class='ocrx_word' id='word_1_143' title='bbox 596 1219 709 1260; x_wconf 90' lang='lat' dir='ltr'>unde</span> <span class='ocrx_word' id='word_1_144' title='bbox 734 1218 884 1260; x_wconf 88' lang='lat' dir='ltr'>sedens</span> <span class='ocrx_word' id='word_1_145' title='bbox 908 1224 1048 1273; x_wconf 89' lang='lat' dir='ltr'>partes</span> <span class='ocrx_word' id='word_1_146' title='bbox 1073 1217 1314 1272; x_wconf 88' lang='lat' dir='ltr'>speculatur</span> <span class='ocrx_word' id='word_1_147' title='bbox 1335 1216 1380 1258; x_wconf 87' lang='lat' dir='ltr'>in</span> <span class='ocrx_word' id='word_1_148' title='bbox 1402 1230 1570 1258; x_wconf 77' lang='lat' dir='ltr'>omnes..</span> <span class='ocrx_word' id='word_1_149' title='bbox 1730 1223 1774 1278; x_wconf 50' lang='lat' dir='ltr'>33ss</span> 
     </span>
     <span class='ocr_line' id='line_1_26' title="bbox 428 1271 1765 1331; baseline -0.004 -13"><span class='ocrx_word' id='word_1_150' title='bbox 428 1276 470 1318; x_wconf 87' lang='grc' dir='ltr'>Ν</span> <span class='ocrx_word' id='word_1_151' title='bbox 473 1290 521 1318; x_wconf 88' lang='lat' dir='ltr'>ec</span> <span class='ocrx_word' id='word_1_152' title='bbox 545 1290 743 1331; x_wconf 89' lang='lat' dir='ltr'>superum</span> <span class='ocrx_word' id='word_1_153' title='bbox 767 1282 904 1316; x_wconf 91' lang='lat' dir='ltr'>rector</span> <span class='ocrx_word' id='word_1_154' title='bbox 927 1273 1039 1315; x_wconf 89' lang='lat' dir='ltr'>mala</span> <span class='ocrx_word' id='word_1_155' title='bbox 1063 1280 1178 1315; x_wconf 86' lang='lat' dir='ltr'>tanta</span> <span class='ocrx_word' id='word_1_156' title='bbox 1200 1271 1463 1315; x_wconf 86' lang='lat' dir='ltr'>Phoronidos</span> <span class='ocrx_word' id='word_1_157' title='bbox 1486 1272 1598 1325; x_wconf 82' lang='lat' dir='ltr'>ultra</span> <span class='ocrx_word' id='word_1_158' title='bbox 1758 1276 1765 1289; x_wconf 65' lang='lat'>&#39;¹</span> 
     </span>
     <span class='ocr_line' id='line_1_27' title="bbox 372 1328 1546 1387; baseline -0.002 -13"><span class='ocrx_word' id='word_1_159' title='bbox 372 1333 482 1375; x_wconf 86' lang='lat' dir='ltr'>ferre</span> <span class='ocrx_word' id='word_1_160' title='bbox 504 1339 660 1387; x_wconf 88' lang='lat' dir='ltr'>potest,</span> <span class='ocrx_word' id='word_1_161' title='bbox 683 1338 914 1384; x_wconf 92' lang='lat' dir='ltr'>natumque</span> <span class='ocrx_word' id='word_1_162' title='bbox 938 1337 1080 1379; x_wconf 90' lang='lat' dir='ltr'>vocat,</span> <span class='ocrx_word' id='word_1_163' title='bbox 1104 1344 1231 1384; x_wconf 89' lang='lat' dir='ltr'>quem</span> <span class='ocrx_word' id='word_1_164' title='bbox 1253 1328 1394 1372; x_wconf 87' lang='lat' dir='ltr'>lucida</span> <span class='ocrx_word' id='word_1_165' title='bbox 1415 1335 1546 1385; x_wconf 86' lang='lat' dir='ltr'>partu</span> 
     </span>
     <span class='ocr_line' id='line_1_28' title="bbox 372 1386 1756 1442; baseline -0.004 -11"><span class='ocrx_word' id='word_1_166' title='bbox 372 1388 515 1431; x_wconf 71' lang='lat' dir='ltr'>Pleias</span> <span class='ocrx_word' id='word_1_167' title='bbox 539 1388 663 1430; x_wconf 85' lang='lat' dir='ltr'>enixa</span> <span class='ocrx_word' id='word_1_168' title='bbox 687 1395 768 1438; x_wconf 89' lang='lat' dir='ltr'>est,</span> <span class='ocrx_word' id='word_1_169' title='bbox 794 1388 960 1442; x_wconf 90' lang='lat' dir='ltr'>letoque</span> <span class='ocrx_word' id='word_1_170' title='bbox 986 1387 1075 1437; x_wconf 90' lang='lat' dir='ltr'>det,</span> <span class='ocrx_word' id='word_1_171' title='bbox 1101 1387 1298 1442; x_wconf 88' lang='lat' dir='ltr'>imperat,</span> <span class='ocrx_word' id='word_1_172' title='bbox 1322 1386 1505 1441; x_wconf 88' lang='lat' dir='ltr'>Argum.</span> <span class='ocrx_word' id='word_1_173' title='bbox 1732 1424 1756 1442; x_wconf 32' lang='grc' dir='ltr'>,ἢ</span> 
     </span>
     <span class='ocr_line' id='line_1_29' title="bbox 282 1441 1770 1501; baseline -0.004 -13"><span class='ocrx_word' id='word_1_174' title='bbox 282 1445 350 1489; x_wconf 82' lang='grc'>670</span> <span class='ocrx_word' id='word_1_175' title='bbox 373 1460 505 1501; x_wconf 88' lang='lat' dir='ltr'>parva</span> <span class='ocrx_word' id='word_1_176' title='bbox 527 1459 645 1486; x_wconf 90' lang='lat' dir='ltr'>mora</span> <span class='ocrx_word' id='word_1_177' title='bbox 669 1452 749 1494; x_wconf 88' lang='lat' dir='ltr'>est,</span> <span class='ocrx_word' id='word_1_178' title='bbox 776 1444 862 1485; x_wconf 88' lang='lat' dir='ltr'>alas</span> <span class='ocrx_word' id='word_1_179' title='bbox 887 1443 1065 1499; x_wconf 86' lang='lat' dir='ltr'>pedibus</span> <span class='ocrx_word' id='word_1_180' title='bbox 1089 1443 1335 1498; x_wconf 82' lang='lat' dir='ltr'>virgamque</span> <span class='ocrx_word' id='word_1_181' title='bbox 1358 1441 1519 1498; x_wconf 89' lang='lat' dir='ltr'>potenti</span> <span class='ocrx_word' id='word_1_182' title='bbox 1733 1446 1770 1493; x_wconf 57' lang='lat' dir='ltr'>,f</span> 
     </span>
     <span class='ocr_line' id='line_1_30' title="bbox 375 1497 1752 1556; baseline -0.002 -14"><span class='ocrx_word' id='word_1_183' title='bbox 375 1501 646 1543; x_wconf 85' lang='lat' dir='ltr'>somniferam</span> <span class='ocrx_word' id='word_1_184' title='bbox 669 1500 896 1556; x_wconf 85' lang='lat' dir='ltr'>sumpsisse</span> <span class='ocrx_word' id='word_1_185' title='bbox 921 1514 1050 1541; x_wconf 88' lang='lat' dir='ltr'>manu</span> <span class='ocrx_word' id='word_1_186' title='bbox 1085 1500 1356 1555; x_wconf 87' lang='lat' dir='ltr'>tegimenque</span> <span class='ocrx_word' id='word_1_187' title='bbox 1381 1497 1562 1554; x_wconf 76' lang='lat' dir='ltr'>capillis.</span> <span class='ocrx_word' id='word_1_188' title='bbox 1747 1505 1752 1523; x_wconf 69' lang='lat'>·&#39;</span> 
     </span>
     <span class='ocr_line' id='line_1_31' title="bbox 373 1554 1457 1612; baseline -0.003 -13"><span class='ocrx_word' id='word_1_189' title='bbox 373 1558 479 1599; x_wconf 91' lang='lat' dir='ltr'>haec</span> <span class='ocrx_word' id='word_1_190' title='bbox 502 1557 577 1599; x_wconf 89' lang='lat' dir='ltr'>ubi</span> <span class='ocrx_word' id='word_1_191' title='bbox 601 1557 825 1612; x_wconf 87' lang='lat' dir='ltr'>disposuit,</span> <span class='ocrx_word' id='word_1_192' title='bbox 850 1556 986 1611; x_wconf 88' lang='lat' dir='ltr'>patria</span> <span class='ocrx_word' id='word_1_193' title='bbox 1008 1556 1111 1597; x_wconf 92' lang='lat' dir='ltr'>Iove</span> <span class='ocrx_word' id='word_1_194' title='bbox 1134 1562 1258 1597; x_wconf 90' lang='lat' dir='ltr'>natus</span> <span class='ocrx_word' id='word_1_195' title='bbox 1283 1554 1338 1596; x_wconf 90' lang='lat' dir='ltr'>ab</span> <span class='ocrx_word' id='word_1_196' title='bbox 1361 1568 1457 1597; x_wconf 87' lang='lat' dir='ltr'>arce</span> 
     </span>
     <span class='ocr_line' id='line_1_32' title="bbox 375 1610 1399 1668; baseline -0.003 -13"><span class='ocrx_word' id='word_1_197' title='bbox 375 1614 513 1656; x_wconf 84' lang='lat' dir='ltr'>desilit</span> <span class='ocrx_word' id='word_1_198' title='bbox 535 1614 579 1654; x_wconf 90' lang='lat' dir='ltr'>in</span> <span class='ocrx_word' id='word_1_199' title='bbox 603 1621 747 1655; x_wconf 88' lang='lat' dir='ltr'>terras.</span> <span class='ocrx_word' id='word_1_200' title='bbox 805 1613 891 1654; x_wconf 88' lang='lat' dir='ltr'>illic</span> <span class='ocrx_word' id='word_1_201' title='bbox 927 1612 1198 1668; x_wconf 85' lang='lat' dir='ltr'>tegimenque</span> <span class='ocrx_word' id='word_1_202' title='bbox 1222 1610 1399 1653; x_wconf 87' lang='lat' dir='ltr'>removit</span> 
     </span>
     <span class='ocr_line' id='line_1_33' title="bbox 375 1668 1528 1725; baseline -0.003 -13"><span class='ocrx_word' id='word_1_203' title='bbox 375 1677 417 1712; x_wconf 92' lang='lat' dir='ltr'>et</span> <span class='ocrx_word' id='word_1_204' title='bbox 439 1669 582 1725; x_wconf 85' lang='lat' dir='ltr'>posuit</span> <span class='ocrx_word' id='word_1_205' title='bbox 604 1684 784 1725; x_wconf 88' lang='lat' dir='ltr'>pennas:</span> <span class='ocrx_word' id='word_1_206' title='bbox 809 1668 1098 1711; x_wconf 89' lang='lat' dir='ltr'>tantummodo</span> <span class='ocrx_word' id='word_1_207' title='bbox 1123 1668 1244 1723; x_wconf 90' lang='lat' dir='ltr'>virga</span> <span class='ocrx_word' id='word_1_208' title='bbox 1266 1673 1428 1709; x_wconf 90' lang='lat' dir='ltr'>retenta</span> <span class='ocrx_word' id='word_1_209' title='bbox 1451 1672 1528 1709; x_wconf 88' lang='lat' dir='ltr'>est.</span> 
     </span>
     <span class='ocr_line' id='line_1_34' title="bbox 284 1724 1387 1781; baseline -0.004 -12"><span class='ocrx_word' id='word_1_210' title='bbox 284 1739 350 1770; x_wconf 83' lang='lat'>675</span> <span class='ocrx_word' id='word_1_211' title='bbox 375 1726 456 1767; x_wconf 91' lang='lat' dir='ltr'>hac</span> <span class='ocrx_word' id='word_1_212' title='bbox 480 1726 569 1781; x_wconf 89' lang='lat' dir='ltr'>agit</span> <span class='ocrx_word' id='word_1_213' title='bbox 591 1733 639 1767; x_wconf 93' lang='lat' dir='ltr'>ut</span> <span class='ocrx_word' id='word_1_214' title='bbox 661 1733 804 1781; x_wconf 88' lang='lat' dir='ltr'>pastor</span> <span class='ocrx_word' id='word_1_215' title='bbox 826 1740 902 1780; x_wconf 90' lang='lat' dir='ltr'>per</span> <span class='ocrx_word' id='word_1_216' title='bbox 926 1724 1050 1766; x_wconf 91' lang='lat' dir='ltr'>devia</span> <span class='ocrx_word' id='word_1_217' title='bbox 1071 1739 1170 1765; x_wconf 91' lang='lat' dir='ltr'>rura</span> <span class='ocrx_word' id='word_1_218' title='bbox 1193 1724 1387 1779; x_wconf 90' lang='lat' dir='ltr'>capellas,</span> 
     </span>
     <span class='ocr_line' id='line_1_35' title="bbox 375 1778 1484 1832; baseline -0.004 -9"><span class='ocrx_word' id='word_1_219' title='bbox 375 1783 477 1823; x_wconf 88' lang='lat' dir='ltr'>dum</span> <span class='ocrx_word' id='word_1_220' title='bbox 502 1782 635 1832; x_wconf 89' lang='lat' dir='ltr'>venit,</span> <span class='ocrx_word' id='word_1_221' title='bbox 660 1782 883 1830; x_wconf 89' lang='lat' dir='ltr'>adductas,</span> <span class='ocrx_word' id='word_1_222' title='bbox 908 1788 950 1822; x_wconf 91' lang='lat' dir='ltr'>et</span> <span class='ocrx_word' id='word_1_223' title='bbox 973 1780 1139 1822; x_wconf 86' lang='lat' dir='ltr'>structis</span> <span class='ocrx_word' id='word_1_224' title='bbox 1164 1787 1306 1822; x_wconf 89' lang='lat' dir='ltr'>cantat</span> <span class='ocrx_word' id='word_1_225' title='bbox 1329 1778 1484 1822; x_wconf 89' lang='lat' dir='ltr'>avenis.</span> 
     </span>
     <span class='ocr_line' id='line_1_36' title="bbox 375 1836 1349 1892; baseline -0.004 -12"><span class='ocrx_word' id='word_1_226' title='bbox 375 1853 479 1880; x_wconf 91' lang='lat' dir='ltr'>voce</span> <span class='ocrx_word' id='word_1_227' title='bbox 502 1853 614 1879; x_wconf 91' lang='lat' dir='ltr'>nova</span> <span class='ocrx_word' id='word_1_228' title='bbox 637 1844 784 1892; x_wconf 88' lang='lat' dir='ltr'>captus</span> <span class='ocrx_word' id='word_1_229' title='bbox 809 1843 949 1879; x_wconf 89' lang='lat' dir='ltr'>custos</span> <span class='ocrx_word' id='word_1_230' title='bbox 971 1836 1177 1878; x_wconf 89' lang='lat' dir='ltr'>Iunonius</span> <span class='ocrx_word' id='word_1_231' title='bbox 1202 1840 1265 1877; x_wconf 89' lang='lat' dir='ltr'>‘at</span> <span class='ocrx_word' id='word_1_232' title='bbox 1289 1844 1349 1886; x_wconf 90' lang='lat' dir='ltr'>tu,</span> 
     </span>
     <span class='ocr_line' id='line_1_37' title="bbox 376 1890 1524 1949; baseline -0.003 -13"><span class='ocrx_word' id='word_1_233' title='bbox 376 1894 564 1949; x_wconf 87' lang='lat' dir='ltr'>quisquis</span> <span class='ocrx_word' id='word_1_234' title='bbox 590 1909 654 1943; x_wconf 90' lang='lat' dir='ltr'>es,</span> <span class='ocrx_word' id='word_1_235' title='bbox 679 1894 759 1935; x_wconf 91' lang='lat' dir='ltr'>hoc</span> <span class='ocrx_word' id='word_1_236' title='bbox 781 1900 948 1949; x_wconf 88' lang='lat' dir='ltr'>poteras</span> <span class='ocrx_word' id='word_1_237' title='bbox 972 1907 1139 1934; x_wconf 90' lang='lat' dir='ltr'>mecum</span> <span class='ocrx_word' id='word_1_238' title='bbox 1163 1892 1379 1934; x_wconf 90' lang='lat' dir='ltr'>considere</span> <span class='ocrx_word' id='word_1_239' title='bbox 1403 1890 1524 1933; x_wconf 87' lang='lat' dir='ltr'>saxo’</span> 
     </span>
     <span class='ocr_line' id='line_1_38' title="bbox 375 1947 1456 2006; baseline -0.002 -15"><span class='ocrx_word' id='word_1_240' title='bbox 375 1952 522 2006; x_wconf 87' lang='lat' dir='ltr'>Argus</span> <span class='ocrx_word' id='word_1_241' title='bbox 547 1950 623 2000; x_wconf 91' lang='lat' dir='ltr'>ait,</span> <span class='ocrx_word' id='word_1_242' title='bbox 649 1954 805 2004; x_wconf 92' lang='lat' dir='ltr'>‘neque</span> <span class='ocrx_word' id='word_1_243' title='bbox 829 1950 941 1991; x_wconf 91' lang='lat' dir='ltr'>enim</span> <span class='ocrx_word' id='word_1_244' title='bbox 964 1949 1105 2004; x_wconf 87' lang='lat' dir='ltr'>pecori</span> <span class='ocrx_word' id='word_1_245' title='bbox 1128 1948 1348 1990; x_wconf 90' lang='lat' dir='ltr'>fecundior</span> <span class='ocrx_word' id='word_1_246' title='bbox 1370 1947 1456 1990; x_wconf 91' lang='lat' dir='ltr'>ullo</span> 
     </span>
     <span class='ocr_line' id='line_1_39' title="bbox 284 2003 1625 2061; baseline -0.004 -10"><span class='ocrx_word' id='word_1_247' title='bbox 284 2020 351 2052; x_wconf 85' lang='lat'>680</span> <span class='ocrx_word' id='word_1_248' title='bbox 375 2006 506 2049; x_wconf 89' lang='lat' dir='ltr'>herba</span> <span class='ocrx_word' id='word_1_249' title='bbox 530 2007 621 2048; x_wconf 93' lang='lat' dir='ltr'>loco</span> <span class='ocrx_word' id='word_1_250' title='bbox 646 2013 727 2055; x_wconf 90' lang='lat' dir='ltr'>est,</span> <span class='ocrx_word' id='word_1_251' title='bbox 754 2013 978 2061; x_wconf 89' lang='lat' dir='ltr'>aptamque</span> <span class='ocrx_word' id='word_1_252' title='bbox 1002 2005 1119 2047; x_wconf 87' lang='lat' dir='ltr'>vides</span> <span class='ocrx_word' id='word_1_253' title='bbox 1143 2004 1380 2060; x_wconf 87' lang='lat' dir='ltr'>pastoribus</span> <span class='ocrx_word' id='word_1_254' title='bbox 1404 2003 1625 2047; x_wconf 59' lang='lat' dir='ltr'>umbram?</span> 
     </span>
     <span class='ocr_line' id='line_1_40' title="bbox 375 2060 1425 2115; baseline -0.002 -11"><span class='ocrx_word' id='word_1_255' title='bbox 375 2063 484 2105; x_wconf 88' lang='lat' dir='ltr'>sedit</span> <span class='ocrx_word' id='word_1_256' title='bbox 506 2062 774 2104; x_wconf 83' lang='lat' dir='ltr'>Atlantiades</span> <span class='ocrx_word' id='word_1_257' title='bbox 800 2069 842 2103; x_wconf 89' lang='lat' dir='ltr'>et</span> <span class='ocrx_word' id='word_1_258' title='bbox 865 2069 1035 2111; x_wconf 87' lang='lat' dir='ltr'>euntem</span> <span class='ocrx_word' id='word_1_259' title='bbox 1057 2061 1192 2102; x_wconf 91' lang='lat' dir='ltr'>multa</span> <span class='ocrx_word' id='word_1_260' title='bbox 1214 2060 1425 2115; x_wconf 90' lang='lat' dir='ltr'>loquendo</span> 
     </span>
     <span class='ocr_line' id='line_1_41' title="bbox 375 2116 1396 2172; baseline -0.002 -12"><span class='ocrx_word' id='word_1_261' title='bbox 375 2119 553 2161; x_wconf 88' lang='lat' dir='ltr'>detinuit</span> <span class='ocrx_word' id='word_1_262' title='bbox 577 2133 768 2160; x_wconf 89' lang='lat' dir='ltr'>sermone</span> <span class='ocrx_word' id='word_1_263' title='bbox 793 2119 922 2167; x_wconf 89' lang='lat' dir='ltr'>diem,</span> <span class='ocrx_word' id='word_1_264' title='bbox 947 2117 1183 2172; x_wconf 88' lang='lat' dir='ltr'>iunctisque</span> <span class='ocrx_word' id='word_1_265' title='bbox 1207 2116 1396 2159; x_wconf 89' lang='lat' dir='ltr'>canendo</span> 
     </span>
     <span class='ocr_line' id='line_1_42' title="bbox 375 2173 1502 2229; baseline -0.001 -13"><span class='ocrx_word' id='word_1_266' title='bbox 375 2175 544 2217; x_wconf 87' lang='lat' dir='ltr'>vincere</span> <span class='ocrx_word' id='word_1_267' title='bbox 568 2175 872 2217; x_wconf 85' lang='lat' dir='ltr'>harundinibus</span> <span class='ocrx_word' id='word_1_268' title='bbox 897 2174 1107 2216; x_wconf 86' lang='lat' dir='ltr'>servantia</span> <span class='ocrx_word' id='word_1_269' title='bbox 1129 2173 1289 2215; x_wconf 89' lang='lat' dir='ltr'>lumina</span> <span class='ocrx_word' id='word_1_270' title='bbox 1311 2179 1502 2229; x_wconf 84' lang='lat' dir='ltr'>temptat.</span> 
     </span>
     <span class='ocr_line' id='line_1_43' title="bbox 375 2231 1378 2287; baseline -0.002 -14"><span class='ocrx_word' id='word_1_271' title='bbox 375 2232 445 2274; x_wconf 92' lang='lat' dir='ltr'>ille</span> <span class='ocrx_word' id='word_1_272' title='bbox 469 2239 611 2273; x_wconf 89' lang='lat' dir='ltr'>tamen</span> <span class='ocrx_word' id='word_1_273' title='bbox 635 2238 798 2287; x_wconf 90' lang='lat' dir='ltr'>pugnat</span> <span class='ocrx_word' id='word_1_274' title='bbox 821 2231 968 2273; x_wconf 89' lang='lat' dir='ltr'>molles</span> <span class='ocrx_word' id='word_1_275' title='bbox 992 2231 1184 2272; x_wconf 91' lang='lat' dir='ltr'>evincere</span> <span class='ocrx_word' id='word_1_276' title='bbox 1209 2244 1378 2272; x_wconf 88' lang='lat' dir='ltr'>somnos</span> 
     </span>
     <span class='ocr_line' id='line_1_44' title="bbox 284 2287 1774 2343; baseline -0.003 -11"><span class='ocrx_word' id='word_1_277' title='bbox 284 2301 349 2334; x_wconf 89' lang='grc'>685</span> <span class='ocrx_word' id='word_1_278' title='bbox 376 2295 436 2337; x_wconf 83' lang='lat' dir='ltr'>et,</span> <span class='ocrx_word' id='word_1_279' title='bbox 461 2288 654 2342; x_wconf 87' lang='lat' dir='ltr'>quamvis</span> <span class='ocrx_word' id='word_1_280' title='bbox 679 2302 805 2343; x_wconf 92' lang='lat' dir='ltr'>sopor</span> <span class='ocrx_word' id='word_1_281' title='bbox 828 2294 891 2329; x_wconf 86' lang='lat' dir='ltr'>est</span> <span class='ocrx_word' id='word_1_282' title='bbox 915 2287 1131 2329; x_wconf 91' lang='lat' dir='ltr'>oculorum</span> <span class='ocrx_word' id='word_1_283' title='bbox 1154 2294 1273 2342; x_wconf 91' lang='lat' dir='ltr'>parte</span> <span class='ocrx_word' id='word_1_284' title='bbox 1295 2292 1503 2341; x_wconf 88' lang='lat' dir='ltr'>receptus,</span> <span class='ocrx_word' id='word_1_285' title='bbox 1745 2295 1774 2334; x_wconf 62' lang='lat' dir='ltr'>a·</span> 
     </span>
     <span class='ocr_line' id='line_1_45' title="bbox 375 2341 1774 2399; baseline -0.001 -13"><span class='ocrx_word' id='word_1_286' title='bbox 375 2351 494 2399; x_wconf 87' lang='lat' dir='ltr'>parte</span> <span class='ocrx_word' id='word_1_287' title='bbox 517 2351 659 2386; x_wconf 89' lang='lat' dir='ltr'>tamen</span> <span class='ocrx_word' id='word_1_288' title='bbox 683 2344 843 2399; x_wconf 89' lang='lat' dir='ltr'>vigilat.</span> <span class='ocrx_word' id='word_1_289' title='bbox 903 2344 1066 2398; x_wconf 88' lang='lat' dir='ltr'>quaerit</span> <span class='ocrx_word' id='word_1_290' title='bbox 1090 2357 1257 2397; x_wconf 92' lang='lat' dir='ltr'>quoque</span> <span class='ocrx_word' id='word_1_291' title='bbox 1280 2341 1482 2396; x_wconf 89' lang='lat' dir='ltr'>(namque</span> <span class='ocrx_word' id='word_1_292' title='bbox 1506 2348 1673 2398; x_wconf 87' lang='lat' dir='ltr'>reperta</span> <span class='ocrx_word' id='word_1_293' title='bbox 1744 2345 1774 2392; x_wconf 40' lang='grc' dir='ltr'>ἐς</span> 
     </span>
     <span class='ocr_line' id='line_1_46' title="bbox 374 2399 1758 2456; baseline -0.002 -14"><span class='ocrx_word' id='word_1_294' title='bbox 374 2401 515 2442; x_wconf 89' lang='lat' dir='ltr'>fistula</span> <span class='ocrx_word' id='word_1_295' title='bbox 538 2415 674 2456; x_wconf 86' lang='lat' dir='ltr'>nuper</span> <span class='ocrx_word' id='word_1_296' title='bbox 697 2400 818 2455; x_wconf 84' lang='lat' dir='ltr'>erat),</span> <span class='ocrx_word' id='word_1_297' title='bbox 843 2414 927 2455; x_wconf 91' lang='lat' dir='ltr'>qua</span> <span class='ocrx_word' id='word_1_298' title='bbox 951 2400 1004 2441; x_wconf 89' lang='lat' dir='ltr'>sit</span> <span class='ocrx_word' id='word_1_299' title='bbox 1026 2399 1186 2441; x_wconf 91' lang='lat' dir='ltr'>ratione</span> <span class='ocrx_word' id='word_1_300' title='bbox 1209 2406 1388 2454; x_wconf 87' lang='lat' dir='ltr'>reperta.</span> <span class='ocrx_word' id='word_1_301' title='bbox 1751 2425 1758 2449; x_wconf 66' lang='lat'>·,</span> 
     </span>
     <span class='ocr_line' id='line_1_47' title="bbox 375 2454 1774 2512; baseline -0.002 -14"><span class='ocrx_word' id='word_1_302' title='bbox 375 2464 464 2498; x_wconf 90' lang='lat' dir='ltr'>tum</span> <span class='ocrx_word' id='word_1_303' title='bbox 489 2457 594 2498; x_wconf 90' lang='lat' dir='ltr'>deus</span> <span class='ocrx_word' id='word_1_304' title='bbox 619 2457 844 2498; x_wconf 87' lang='lat' dir='ltr'>‘Arcadiae</span> <span class='ocrx_word' id='word_1_305' title='bbox 867 2456 1018 2512; x_wconf 88' lang='lat' dir='ltr'>gelidis</span> <span class='ocrx_word' id='word_1_306' title='bbox 1041 2457 1086 2497; x_wconf 90' lang='lat' dir='ltr'>in</span> <span class='ocrx_word' id='word_1_307' title='bbox 1108 2455 1338 2498; x_wconf 79' lang='lat' dir='ltr'>montibus’</span> <span class='ocrx_word' id='word_1_308' title='bbox 1362 2454 1501 2509; x_wconf 90' lang='lat' dir='ltr'>inquit</span> <span class='ocrx_word' id='word_1_309' title='bbox 1569 2463 1774 2510; x_wconf 49' lang='lat' dir='ltr'>(syrma-,14</span> 
     </span>
     <span class='ocr_line' id='line_1_48' title="bbox 376 2511 1774 2568; baseline -0.001 -14"><span class='ocrx_word' id='word_1_310' title='bbox 376 2513 503 2554; x_wconf 88' lang='lat' dir='ltr'>‘inter</span> <span class='ocrx_word' id='word_1_311' title='bbox 525 2513 850 2568; x_wconf 87' lang='lat' dir='ltr'>Hamadryadas</span> <span class='ocrx_word' id='word_1_312' title='bbox 875 2512 1146 2554; x_wconf 85' lang='lat' dir='ltr'>celeberrima</span> <span class='ocrx_word' id='word_1_313' title='bbox 1168 2511 1430 2554; x_wconf 88' lang='lat' dir='ltr'>Nonacrinas</span> <span class='ocrx_word' id='word_1_314' title='bbox 1750 2512 1774 2541; x_wconf 52' lang='lat'>³³³³</span> 
     </span>
     <span class='ocr_line' id='line_1_49' title="bbox 285 2568 1429 2624; baseline -0.003 -12"><span class='ocrx_word' id='word_1_315' title='bbox 285 2582 351 2614; x_wconf 88' lang='grc'>690</span> <span class='ocrx_word' id='word_1_316' title='bbox 375 2568 506 2610; x_wconf 68' lang='lat' dir='ltr'>Naias</span> <span class='ocrx_word' id='word_1_317' title='bbox 530 2583 616 2610; x_wconf 91' lang='lat' dir='ltr'>una</span> <span class='ocrx_word' id='word_1_318' title='bbox 639 2570 719 2611; x_wconf 81' lang='lat' dir='ltr'>fuit</span> <span class='ocrx_word' id='word_1_319' title='bbox 727 2586 738 2619; x_wconf 85' lang='lat'>3</span> <span class='ocrx_word' id='word_1_320' title='bbox 763 2569 974 2624; x_wconf 89' lang='lat' dir='ltr'>nymphae</span> <span class='ocrx_word' id='word_1_321' title='bbox 1001 2568 1185 2624; x_wconf 85' lang='lat' dir='ltr'>Syringa</span> <span class='ocrx_word' id='word_1_322' title='bbox 1207 2568 1429 2610; x_wconf 89' lang='lat' dir='ltr'>vocabant.</span> 
     </span>
    </p>
   </div>
   <div class='ocr_carea' id='block_1_8' title="bbox 1742 1582 1774 2217">
    <p class='ocr_par' dir='ltr' id='par_1_8' title="bbox 1742 1582 1774 2217">
     <span class='ocr_line' id='line_1_50' title="bbox 1742 1582 1774 2217; baseline 0 1039"><span class='ocrx_word' id='word_1_323' title='bbox 1742 1582 1774 2217; x_wconf 95' lang='lat' dir='ltr'> </span> 
     </span>
    </p>
   </div>
   <div class='ocr_carea' id='block_1_9' title="bbox 374 2624 1774 2793">
    <p class='ocr_par' dir='ltr' id='par_1_9' title="bbox 374 2624 1774 2793">
     <span class='ocr_line' id='line_1_51' title="bbox 374 2624 1774 2683; baseline 0.001 -17"><span class='ocrx_word' id='word_1_324' title='bbox 374 2639 460 2666; x_wconf 92' lang='lat' dir='ltr'>non</span> <span class='ocrx_word' id='word_1_325' title='bbox 484 2625 613 2667; x_wconf 89' lang='lat' dir='ltr'>semel</span> <span class='ocrx_word' id='word_1_326' title='bbox 637 2632 679 2667; x_wconf 90' lang='lat' dir='ltr'>et</span> <span class='ocrx_word' id='word_1_327' title='bbox 704 2624 879 2680; x_wconf 88' lang='lat' dir='ltr'>Satyros</span> <span class='ocrx_word' id='word_1_328' title='bbox 905 2626 1086 2667; x_wconf 89' lang='lat' dir='ltr'>eluserat</span> <span class='ocrx_word' id='word_1_329' title='bbox 1108 2625 1181 2666; x_wconf 92' lang='lat' dir='ltr'>illa</span> <span class='ocrx_word' id='word_1_330' title='bbox 1204 2631 1439 2679; x_wconf 76' lang='lat' dir='ltr'>sequenteS,</span> <span class='ocrx_word' id='word_1_331' title='bbox 1749 2631 1774 2683; x_wconf 35' lang='grc' dir='ltr'>,ᾖ</span> 
     </span>
     <span class='ocr_line' id='line_1_52' title="bbox 374 2680 1455 2736; baseline 0 -14"><span class='ocrx_word' id='word_1_332' title='bbox 374 2688 417 2723; x_wconf 91' lang='lat' dir='ltr'>et</span> <span class='ocrx_word' id='word_1_333' title='bbox 441 2695 729 2736; x_wconf 90' lang='lat' dir='ltr'>quoscumque</span> <span class='ocrx_word' id='word_1_334' title='bbox 755 2682 854 2723; x_wconf 90' lang='lat' dir='ltr'>deos</span> <span class='ocrx_word' id='word_1_335' title='bbox 879 2681 1131 2723; x_wconf 89' lang='lat' dir='ltr'>umbrosave</span> <span class='ocrx_word' id='word_1_336' title='bbox 1156 2681 1261 2723; x_wconf 85' lang='lat' dir='ltr'>silva</span> <span class='ocrx_word' id='word_1_337' title='bbox 1282 2680 1455 2723; x_wconf 87' lang='lat' dir='ltr'>feraxve</span> 
     </span>
     <span class='ocr_line' id='line_1_53' title="bbox 374 2736 1769 2793; baseline -0.001 -14"><span class='ocrx_word' id='word_1_338' title='bbox 374 2752 446 2779; x_wconf 88' lang='lat' dir='ltr'>rus</span> <span class='ocrx_word' id='word_1_339' title='bbox 470 2737 608 2779; x_wconf 89' lang='lat' dir='ltr'>habet.</span> <span class='ocrx_word' id='word_1_340' title='bbox 670 2736 895 2793; x_wconf 88' lang='lat' dir='ltr'>Ortygiam</span> <span class='ocrx_word' id='word_1_341' title='bbox 921 2738 1069 2780; x_wconf 85' lang='lat' dir='ltr'>studiis</span> <span class='ocrx_word' id='word_1_342' title='bbox 1093 2737 1269 2793; x_wconf 90' lang='lat' dir='ltr'>ipsaque</span> <span class='ocrx_word' id='word_1_343' title='bbox 1295 2736 1459 2779; x_wconf 89' lang='lat' dir='ltr'>colebat</span> <span class='ocrx_word' id='word_1_344' title='bbox 1728 2743 1769 2785; x_wconf 44' lang='grc' dir='ltr'>ἵε,</span> 
     </span>
    </p>
   </div>
  </div>
 </body>
</html>
