1774 3256
12 1540 21 1554 *¹
9 1463 35 1527 fist&-
25 1445 28 1451 -
6 1254 36 1404 'baetftwssf.⁴·
12 1188 43 1245 ἐξῇ*
4 1116 46 1181 ξ’(ἶῖ
13 1076 37 1108 ᾗ]
21 1035 37 1047 3
0 959 50 1010 «1¹¹⁴
0 886 32 947 fvgit-s
30 870 32 874 ,
0 843 4 846 ⁴
35 798 46 814 A?
12 782 18 786 '
35 722 39 724 ι
5 690 45 706 (ν

10 1801 30 1871 ,ςμρν
20 1786 26 1791 ,
1 1594 35 1778 ,ae‘›2<,
14 1567 26 1579 ¹,

310 247 805 287 METAMORPHOSEON
828 250 926 287 LIB.
953 250 1018 287 VI.
1044 251 1237 290 193-280.

55 370 59 371 ⁷
87 327 181 380 isse,
203 334 253 372 ut
275 336 366 373 erat
387 343 565 387 pronus,
589 346 666 388 per
689 346 812 375 crura
836 333 1021 376 admissa
1042 333 1250 390 iubasque

7 429 8 432 ,
89 384 274 437 volvitur
296 393 339 430 et
361 386 499 430 calido
523 387 717 431 tellurem
741 389 947 445 sanguine
971 389 1129 434 foedat.

11 438 57 486 1Ῑ·;ᾫ
86 440 350 486 Phaedimus
372 443 521 486 infelix
545 452 587 487 et
610 444 713 488 aviti
735 446 916 489 nominis
939 446 1062 490 heres

86 497 316 551 Tantalus,
338 507 388 543 ut
411 500 535 543 solito
556 501 685 544 finem
708 502 946 559 imposuere
968 503 1118 554 labori,

85 555 339 599 msiemnt
361 556 417 600 ad
440 572 548 614 opus
570 558 729 602 nitidae
751 559 947 603 iuvenale
970 561 1225 617 palaestrae:

2 611 18 662 f
36 615 54 666 ζ
85 617 131 657 et
149 610 237 656 iam
261 614 526 657 contulerant
549 622 640 658 arto
663 615 867 659 luctantia
890 631 1004 660 nexu

84 675 258 727 pectora
279 670 542 727 pectoribus,
567 686 665 714 cum
687 679 804 715 tento
828 673 993 716 concita
1015 689 1162 726 nervo,

85 725 196 770 sicut
218 734 339 770 erant
360 727 513 779 iuncti,
536 728 702 771 traiecit
724 736 952 784 utrumque
977 731 1145 787 sagitta.

83 781 332 840 ingemuere
355 784 501 835 simul,
525 785 651 827 simul
674 785 895 829 incurvata
919 786 1064 830 dolore

83 839 277 884 membra
298 841 388 884 solo
410 855 609 898 posuere,
634 842 758 885 simul
783 858 982 899 suprema
1005 844 1191 888 iacentes

52 918 57 922 κ
82 895 245 941 lumina
266 905 508 948 versarunt,
533 898 717 942 animam
742 899 868 942 simul
892 901 1128 943 exalarunt.

127 959 133 966 ι

159 953 234 997 icit
255 954 492 1011 Alphenor,
516 955 757 1011 laniataque
781 964 954 1013 pectora
977 958 1185 1014 plangens

83 967 275 1062 ffirolat,
299 1019 348 1054 ut
370 1011 534 1068 gelidos
558 1013 850 1070 complexibus
875 1014 1030 1057 allevet
1053 1024 1184 1067 artus,

81 1066 211 1135 inque
233 1067 306 1124 pio
329 1068 442 1112 cadit
464 1068 618 1112 officio.
676 1085 778 1112 nam
800 1070 954 1114 Delius
977 1071 1039 1114 illi

80 1123 230 1167 intima
252 1123 422 1168 fatifero
445 1126 560 1182 rupit
582 1127 831 1183 praecordia
854 1127 980 1171 ferro.

79 1181 196 1237 quod
219 1181 345 1225 simul
369 1182 587 1232 eductum,
611 1198 711 1240 pars
735 1191 798 1227 est
821 1185 1034 1241 pulmonis
1057 1186 1103 1228 in
1125 1185 1262 1230 hamis

80 1245 220 1289 eruta,
244 1253 427 1294 cumque
450 1239 592 1283 anima
616 1255 741 1284 cruor
763 1249 827 1285 est
851 1242 1013 1285 effusus
1036 1243 1081 1286 in
1105 1259 1245 1286 auras.

79 1301 126 1338 at
146 1309 233 1338 non
255 1295 472 1340 intonsum
495 1297 676 1354 simplex
698 1297 1066 1342 Damasichthona
1089 1301 1244 1343 vulnus

79 1349 225 1395 afficit.
282 1352 392 1396 ictus
416 1361 526 1405 erat,
551 1368 637 1409 qua
661 1370 757 1398 crus
782 1371 875 1399 esse
898 1356 1066 1413 incipit,
1091 1365 1134 1400 et
1157 1372 1243 1413 qua

78 1408 223 1452 mollia
245 1424 452 1454 nervosus
475 1411 580 1454 facit
601 1411 840 1455 internodia
862 1414 1025 1480 poples.

79 1464 267 1522 dumque
289 1481 421 1510 manu
442 1475 622 1525 temptat
644 1470 810 1512 trahere
835 1471 1049 1514 exitiabile
1071 1470 1218 1523 telum,

78 1521 211 1566 altera
232 1538 310 1580 per
331 1524 528 1582 iugulum
552 1526 701 1582 pennis
725 1534 849 1570 tenus
874 1535 969 1570 acta
992 1527 1147 1584 sagitta
1171 1536 1247 1572 est.

77 1579 240 1636 expulit
262 1580 373 1624 hanc
396 1582 591 1638 sanguis,
616 1598 746 1638 seque
770 1583 1004 1627 eiaculatus
1026 1585 1071 1627 in
1096 1585 1229 1628 altum

76 1636 232 1680 emicat
255 1645 298 1681 et
319 1638 447 1696 longe
470 1639 683 1682 terebrata
704 1641 869 1696 prosilit
892 1657 1007 1684 aura.

76 1692 252 1736 ultimus
275 1694 462 1738 Ilioneus
485 1710 572 1739 non
626 1696 839 1740 rofectura
861 1699 1075 1754 precando

75 1749 276 1794 bracchia
299 1753 546 1804 sustulerat,
571 1758 583 1777 ‘
622 1753 739 1809 '’que
764 1758 809 1796 ‘0
835 1756 1115 1799 communiter
1138 1757 1313 1808 omnes‚’

75 1805 260 1860 dixerat,
284 1808 458 1866 ignarus
481 1824 568 1853 non
592 1825 739 1854 omnes
764 1826 856 1854 esse
880 1813 1108 1868 rogandos,

77 1864 298 1921 ‘parcitel’
334 1874 474 1909 motus
499 1874 608 1919 erat,
633 1883 732 1910 cum
754 1868 840 1911 iam
864 1869 1103 1912 revocabile
1128 1870 1260 1913 telum

74 1934 163 1964 non
184 1921 286 1974 fuit,
309 1923 578 1967 Arcitenens.
638 1925 812 1968 minimo
837 1933 980 1970 tamen
1004 1927 1158 1970 occidit
1180 1928 1252 1970 ille

48 1982 52 1986 “
73 1977 270 2031 vulnere,
293 1994 379 2023 non
403 1980 488 2024 alte
511 1996 712 2038 percusso
737 1983 863 2026 corde
888 1983 1057 2040 sagitta.

129 2035 268 2079 Fama
289 2037 391 2080 mali
414 2038 645 2095 populique
669 2039 789 2082 dolor
811 2040 1095 2107 lacrimaeque
1121 2055 1294 2084 suorum

74 2097 163 2135 tam
187 2093 354 2137 subitae
376 2102 556 2138 matrem
581 2104 740 2139 certam
764 2097 905 2140 fecere
929 2113 1078 2141 rulnae

71 2147 297 2194 mirantem
318 2152 530 2208 potuisse,
552 2153 909 2210 irascentemque,
935 2155 1049 2209 quod
1073 2155 1166 2197 ausi

71 2203 154 2249 hoc
177 2214 319 2251 essent
341 2209 502 2265 superi,
527 2210 644 2265 quod
666 2218 832 2253 tantum
856 2211 960 2254 iuris
985 2212 1204 2255 haberent.

70 2277 171 2306 nam
193 2272 316 2321 pater
338 2265 558 2323 Amphion
582 2267 694 2310 ferro
718 2283 795 2324 per
818 2276 966 2325 pectus
991 2269 1142 2311 adacto

27 2319 31 2323 ’
69 2318 238 2364 finierat
260 2322 445 2366 moriens
469 2324 627 2380 pariter
650 2339 748 2367 cum
771 2326 866 2368 luce
892 2325 1093 2368 dolorem.

68 2375 156 2420 heu
179 2386 387 2433 quantum
409 2380 515 2424 haec
537 2381 678 2424 Niobe
703 2381 842 2425 Niobe
867 2382 1051 2425 distabat
1075 2383 1130 2425 ab
1153 2383 1239 2434 illa,

69 2446 180 2489 quae
204 2435 331 2478 modo
354 2436 504 2480 Latois
527 2439 734 2494 populum
759 2447 1046 2482 summoverat
1071 2440 1154 2482 aris

11 2508 19 2526 ·-
69 2497 113 2533 et
134 2491 321 2534 mediam
345 2493 500 2537 tulerat
522 2509 695 2551 gressus
720 2496 920 2552 resupina
943 2511 1019 2552 per
1042 2497 1207 2548 urbem,

10 2558 14 2571 ¹·
67 2545 278 2591 invidiosa
301 2550 408 2600 suis,
434 2558 479 2593 at
501 2566 616 2594 nunc
640 2552 881 2595 miseranda
905 2554 973 2595 vel
997 2553 1127 2596 hostil

68 2604 318 2661 corporibus
342 2606 496 2663 gelidis
518 2607 725 2651 incumbit
750 2617 792 2652 et
816 2610 963 2652 ordine
987 2611 1104 2653 nullo

0 2691 30 2813 ξ

67 2661 215 2705 oscula
238 2662 456 2719 dispensat
478 2672 600 2707 natos
626 2681 823 2722 suprema
846 2681 924 2722 per
947 2681 1108 2710 omnes.

67 2731 94 2760 a
116 2718 272 2774 quibus
296 2719 351 2763 ad
376 2721 541 2764 caelum
564 2722 740 2765 liventia
763 2723 962 2767 bracchia
986 2724 1138 2768 tollens

67 2777 260 2831 ‘pascere
267 2807 280 2828 ,
305 2777 507 2830 crudelis,
531 2787 693 2830 nostro,
719 2779 906 2831 Latona,
933 2781 1090 2832 dolore,

1407 246 1467 290 95

1487 522 1559 555 24⁰

1486 805 1556 837 245

1484 1089 1554 1123 250

1481 1374 1551 1406 255

1479 1658 1550 1691 260

1480 1943 1550 1975 265

1478 2227 1549 2259 270

1476 2511 1545 2543 275

1473 2796 1543 2830 280
