1774 3256
227 384 229 387 ,
303 359 368 391 130
391 352 529 389 sectus
552 344 596 387 in
620 343 838 398 obliquum
862 349 925 385 est
947 342 1031 384 lato
1056 341 1297 385 curvamine
1320 342 1453 394 limes,

390 256 446 299 22
832 262 877 297 P.
902 260 1068 298 OVIDII
1090 259 1306 297 NASONIS

391 414 676 455 zonarumque
701 399 826 441 trium
851 405 1071 440 contentus
1095 398 1178 440 fine
1202 399 1430 455 polumque
1490 439 1493 441 .

391 457 542 513 effugit
564 456 788 498 australem
811 455 1080 509 iunctamque
1104 455 1369 509 aquilonibus
1391 456 1567 498 Arcton.

391 514 471 556 hac
495 513 548 555 sit
569 512 666 555 iter:
691 510 913 553 manifesta
935 517 1052 553 rotae
1075 511 1254 567 vestigia
1277 526 1435 554 cernes.

391 578 522 624 utque
544 568 682 611 ferant
705 581 862 621 aequos
886 574 928 609 et
951 567 1114 609 caelum
1139 575 1181 610 et
1203 576 1315 610 terra
1338 568 1510 619 calores,

305 638 368 669 135
392 640 469 668 nec
492 639 636 681 preme
658 637 737 666 nec
760 638 972 665 summum
995 623 1142 666 molire
1164 639 1240 680 per
1263 624 1434 667 aethera
1456 638 1639 668 currum.

393 682 517 724 altius
541 694 734 736 egressus
759 679 955 722 caelestia
977 686 1088 722 tecta
1111 681 1330 732 cremabis,

391 738 566 780 inferius
589 739 740 779 terras:
764 736 903 778 medio
927 736 1158 779 tutissimus
1181 736 1274 779 ibis.
1536 789 1541 794 ,

392 809 476 837 11011
500 801 542 836 te
566 792 775 836 dexterior
800 799 954 834 tortum
977 793 1157 835 declinet
1180 793 1235 835 ad
1258 794 1473 850 Anguem,

392 866 500 893 neve
525 848 752 891 sinisterior
774 863 963 904 pressam
987 857 1079 891 rota
1102 849 1228 892 ducat
1252 850 1307 892 ad
1329 851 1484 892 Aram:

306 920 370 950 140
393 907 500 949 inter
523 914 748 960 utrumque
771 914 880 947 tene.
937 905 1151 948 Fortunae
1175 913 1313 948 cetera
1334 906 1504 957 mando,

395 978 504 1018 quae
526 962 642 1004 iuvet
665 969 705 1004 et
729 961 898 1011 melius,
923 975 1051 1016 quam
1074 970 1120 1003 tu
1144 962 1239 1013 tibi,
1264 962 1456 1005 consulat
1477 969 1591 1019 opto.

396 1021 498 1061 dum
520 1020 682 1073 loquor,
707 1017 917 1073 Hesperio
941 1018 1097 1074 positas
1120 1018 1165 1060 in
1187 1018 1307 1061 litore
1329 1026 1462 1061 metas

393 1076 538 1118 umida
561 1089 645 1116 nox
669 1073 818 1129 tetigit.
876 1088 960 1116 non
985 1082 1049 1116 est
1071 1089 1190 1118 mora
1211 1074 1346 1118 libera
1366 1074 1507 1118 nobis:

394 1132 617 1188 poscimur.
677 1131 853 1186 effulget
876 1131 1060 1173 tenebris
1083 1146 1235 1173 aurora
1256 1131 1429 1188 fugatis.
1745 1162 1758 1192 :-

307 1201 370 1231 145
398 1189 558 1243 corripe
580 1188 671 1229 lora
694 1202 823 1229 manu
845 1210 903 1217 —
925 1188 1012 1238 vel,
1036 1187 1071 1230 si
1095 1187 1297 1230 mutabile
1320 1194 1468 1244 pectus
1728 1191 1774 1243 §⁵:³1-

396 1252 459 1286 est
483 1244 577 1293 tibi,
603 1243 803 1293 consiliis,
828 1258 913 1285 non
937 1243 1128 1286 curribus
1151 1251 1270 1286 utere
1292 1244 1458 1294 nostris,
1734 1246 1736 1249 ’
1758 1251 1761 1253 ’

396 1301 497 1342 dum
521 1307 639 1356 potes
663 1308 705 1342 et
729 1300 870 1341 solidis
895 1300 1134 1342 etiamnunc
1157 1300 1327 1343 sedibus
1350 1307 1476 1350 astas,

397 1358 583 1411 dumque
606 1357 714 1398 male
738 1363 903 1412 optatos
926 1357 1114 1398 nondum
1138 1357 1292 1412 premis
1314 1357 1471 1399 inscius
1495 1371 1611 1400 axes.

396 1427 506 1467 quae
530 1420 644 1454 tutus
669 1421 851 1468 spectes,
877 1412 966 1455 sine
988 1428 1057 1455 me
1081 1413 1180 1455 dare
1202 1413 1362 1456 lumina
1383 1412 1531 1456 terris.’

308 1481 373 1512 150
397 1477 575 1524 occupat
597 1469 668 1511 ille
690 1469 829 1511 levem
851 1469 1035 1511 iuvenali
1059 1483 1231 1525 corpore
1256 1484 1426 1512 currum

396 1532 561 1579 statque
585 1540 724 1580 super,
749 1525 1026 1580 manibusque
1051 1526 1169 1568 datas
1193 1526 1434 1592 contingere
1456 1525 1643 1569 habenas

395 1582 555 1637 gaudet
578 1590 620 1623 et
641 1581 773 1623 invito
796 1588 936 1637 grates
962 1582 1050 1637 agit
1072 1582 1170 1624 inde
1193 1590 1368 1638 parentl.

396 1639 558 1680 interea
580 1638 790 1688 volucres,
814 1638 966 1693 Pyrois
991 1645 1032 1680 et
1055 1637 1174 1680 Eous
1198 1646 1240 1681 et
1262 1638 1447 1690 Aethon,

399 1693 511 1736 Solis
536 1694 651 1748 equi,
677 1701 934 1748 quartusque
957 1694 1169 1750 Phlegon,
1193 1694 1425 1738 hinnitibus
1448 1710 1572 1738 auras
1760 1724 1762 1735 2

309 1762 371 1793 155
396 1750 654 1792 flammiferis
678 1750 854 1805 implent
877 1750 1138 1805 pedibusque
1162 1751 1365 1807 repagula
1386 1751 1570 1808 pulsant.
1756 1755 1768 1807 ξ,

397 1820 506 1860 quae
530 1813 754 1861 postquam
777 1806 955 1861 Tethys,
980 1806 1163 1848 fatorum
1186 1807 1334 1862 ignara
1355 1807 1532 1863 nepotis,

396 1863 596 1917 reppulit,
622 1870 664 1904 et
685 1862 798 1904 facta
822 1869 885 1904 est
907 1862 1099 1905 immensi
1123 1863 1244 1919 copia
1265 1863 1426 1914 mundi,
1757 1894 1774 1920 ς

398 1919 634 1973 corripuere
658 1918 770 1959 viam
794 1918 1055 1973 pedibusque
1078 1934 1154 1974 per
1177 1923 1275 1962 aera
1297 1919 1420 1962 motis
1752 1922 1771 1973 ξ

398 1975 611 2016 obstantes
635 1974 831 2016 scindunt
854 1975 1029 2017 nebulas
1053 1975 1285 2030 pennisque
1308 1975 1438 2019 levati
1756 1975 1774 2014 ἦ

309 2043 374 2075 160
397 2038 664 2086 praetereunt
687 2038 800 2072 ortos
823 2030 956 2073 isdem
981 2031 1034 2074 de
1057 2032 1248 2087 partibus
1271 2046 1408 2075 euros.

398 2087 472 2128 sed
495 2087 587 2129 leve
611 2087 775 2142 pondus
799 2094 905 2136 erat,
930 2101 1008 2129 nec
1031 2088 1146 2142 quod
1169 2102 1422 2144 cognoscere
1445 2095 1618 2145 possent

398 2142 510 2186 Solis
534 2143 648 2196 equi,
674 2144 876 2197 solitaque
900 2143 1047 2199 iugum
1070 2144 1277 2199 gravitate
1301 2144 1483 2187 carebat.

396 2206 526 2253 utque
550 2199 694 2241 labant
717 2214 871 2241 curvae
894 2199 1004 2241 iusto
1029 2200 1117 2242 sine
1140 2201 1325 2256 pondere
1347 2216 1478 2244 naves

397 2269 556 2310 perque
580 2270 695 2297 mare
719 2256 934 2298 instabiles
958 2256 1088 2298 nimia
1109 2257 1280 2299 levitate
1303 2257 1509 2308 feruntur,

310 2324 373 2356 165
398 2311 458 2353 sic
483 2326 608 2354 onere
632 2319 799 2354 assueto
824 2327 982 2354 vacuus
1007 2313 1079 2354 dat
1101 2313 1143 2354 in
1170 2317 1271 2356 ae'ra
1289 2314 1420 2356 saltus

398 2368 713 2422 succutiturque
738 2368 820 2411 alte
845 2368 1074 2423 similisque
1098 2376 1161 2411 est
1184 2383 1330 2412 currus
1353 2369 1479 2412 inani.
1595 2416 1597 2418 ,

397 2423 512 2478 quod
536 2424 712 2466 simulac
736 2439 922 2475 sensere,
946 2433 1072 2467 ruunt
1097 2425 1324 2480 tritumque
1346 2425 1588 2480 relinquunt

398 2480 638 2536 quadriiugi
662 2481 864 2536 spatium,
887 2495 966 2523 1100
989 2495 1073 2536 quo
1096 2482 1232 2537 prius,
1256 2481 1401 2525 ordine
1425 2489 1610 2525 currunt.

396 2535 486 2591 ipse
509 2545 654 2591 pavet:
678 2551 757 2579 nec
781 2551 865 2591 qua
889 2538 1131 2579 commissas
1154 2538 1294 2580 flectat
1316 2538 1516 2587 habenas,

308 2603 373 2635 170
395 2606 474 2633 nec
499 2592 596 2642 scit,
620 2607 705 2646 qua
729 2593 781 2635 sit
804 2594 896 2643 iter,
920 2608 1018 2644 nec,
1044 2594 1078 2636 si
1101 2594 1224 2645 sciat,
1247 2594 1424 2650 imperet
1445 2594 1540 2636 illis.

396 2654 487 2689 tum
509 2648 691 2703 primum
714 2649 840 2691 radiis
864 2649 993 2705 gelidi
1017 2651 1181 2693 caluere
1205 2650 1374 2701 triones,

396 2710 438 2745 et
461 2703 590 2746 vetito
614 2704 770 2746 frustra
794 2712 1051 2761 temptarunt
1075 2721 1256 2761 aequore
1280 2706 1429 2763 tingui.

395 2772 588 2815 quaeque
613 2761 710 2816 polo
733 2761 870 2816 posita
894 2769 957 2804 est
980 2763 1147 2818 glaciali
1170 2763 1361 2819 proxima
1385 2778 1570 2819 serpens,
