1786 3242
275 272 773 312 METAMORPHOSEON
794 273 893 311 LIB.
918 274 987 311 XI.
1013 274 1208 312 404—491.

39 355 273 412 multaque
295 369 363 399 res
422 354 515 398 ndit
537 355 733 398 timidum
757 356 938 399 solantia
992 365 1131 400 ectus:

21 418 143 462 {non
163 421 308 456 tamen
329 411 343 455 i
375 411 488 456 circo
511 425 686 455 causam
708 413 874 469 probat.
934 428 959 456 a
990 413 1096 456 didit
1117 412 1200 456 illis

49 465 138 516 ,hoo
158 483 330 526 quoque
352 468 556 520 lenimen,
580 483 666 536 quo
691 469 781 512 solo
805 469 922 512 flexit
945 478 1177 514 amantem:

42 526 204 584 flonga
224 524 399 582 quidem
422 532 486 569 est
508 525 631 568 nob1s
655 526 792 569 omnis
816 541 948 569 mora.
1008 527 1083 570 sed
1106 526 1183 569 tibi
1206 526 1300 571 iuro

34 598 133 643 φοι·
153 582 313 640 patrios
335 581 477 639 ignes,
502 583 538 626 si
562 597 630 626 me
652 583 780 625 modo
804 583 894 626 fata
917 583 1144 634 remittent,

36 646 154 685 unte
176 653 467 690 reversurum,
492 653 623 696 quam
645 640 748 682 luna
772 639 837 682 bis
861 641 1036 696 impleat
1059 640 1234 684 orbem?

44 695 120 743 'his
141 695 218 740 ubi
239 695 458 753 promissis
481 711 579 754 spes
603 703 668 740 est
691 696 862 739 admota
885 712 1094 747 recursus,

50 752 244 813 protinus
267 752 465 796 eductam
488 752 712 796 navalibus
736 767 920 808 aequore
944 753 1095 810 tingui,

41 809 274 868 'optatique
297 809 385 852 suis
408 809 558 866 pinum
580 809 700 853 iubet
722 810 1006 853 armamentis.

36 885 49 906 z
160 881 308 910 rursus
331 866 444 917 visa,
468 866 602 909 veluti
623 881 833 923 praesaga
855 866 989 909 futuri

20 946 34 966 ι
108 923 215 968 rruit
235 922 434 980 Alcyone
454 921 737 979 lacrimasque
761 923 900 967 emisit
923 924 1094 966 obortas

0 994 5 1038 ζ
37 981 360 1038 amplexusque
384 979 520 1030 dedit,
543 979 738 1036 tristique
762 980 997 1023 miserrima
1019 981 1193 1023 tandem
1252 991 1255 998 ·

0 1048 2 1051 ’
40 1052 126 1090 7οπο
149 1037 282 1081 ‘vale'
306 1036 432 1087 dixit,
456 1036 726 1093 collapsaque
750 1051 926 1093 corpore
950 1044 1038 1080 toto
1063 1046 1139 1080 est.

0 1139 2 1141 .
43 1101 119 1139 ast
138 1094 334 1144 iuvenes,
356 1101 588 1149 quaerente
611 1108 753 1137 moras
778 1092 942 1151 Ceyce,
965 1094 1175 1138 reducunt

1 1167 13 1177 ·=
38 1150 268 1195 ‘ordinibus
292 1150 473 1208 geminis
497 1150 552 1193 ad
575 1150 702 1193 fortia
725 1158 898 1207 pectora
921 1166 1061 1195 remos

0 1207 303 1264 aequalique
324 1207 415 1251 ictu
436 1207 634 1251 scindunt
656 1208 779 1251 freta.
839 1209 1008 1251 sustulit
1030 1209 1104 1251 illa

19 1272 243 1318 tumentes
266 1264 433 1316 oculos,
458 1272 725 1320 stantemque
748 1265 793 1307 in
816 1280 961 1322 puppe
985 1280 1164 1308 recurva

0 1347 4 1351 -
49 1335 342 1377 concussaque
364 1336 495 1364 manu
519 1321 691 1365 dantem
716 1321 796 1364 sibi
821 1322 945 1378 signa
968 1323 1167 1365 maritum

12 1391 43 1452 3
102 1379 114 1390 ’
161 1393 188 1422 a
210 1378 342 1429 videt,
365 1378 588 1433 redditque
612 1386 746 1421 notas.
805 1379 882 1421 ubi
905 1386 1017 1422 terra
1039 1379 1212 1423 recessit

66 1435 238 1494 ongius,
263 1443 392 1491 atque
415 1435 527 1478 oculi
550 1443 767 1491 nequeunt
792 1450 1048 1493 cognoscere
1072 1437 1230 1487 vultus,

5 1491 153 1567 ffdum
174 1492 294 1543 licet,
317 1492 554 1549 insequitur
576 1492 812 1549 fugientem
836 1493 995 1537 lumine
1019 1494 1183 1550 pinum.

13 1548 156 1610 ‘ghnec
178 1563 350 1605 quoque
372 1556 421 1592 ut
442 1549 559 1592 haud
582 1556 766 1606 poterat,
791 1550 928 1606 spatio
952 1550 1162 1602 submota,
1187 1549 1336 1602 videri,

14 1604 145 1672 {vela
167 1613 310 1650 tamen
334 1613 497 1663 spectat
520 1621 687 1649 summo
711 1607 921 1650 fluitantia
942 1608 1069 1650 malo.

2 1670 200 1823 'fagqnec
222 1663 319 1706 vela
341 1663 477 1714 videt,
501 1677 686 1706 vacuum
741 1663 815 1706 etit
837 1664 964 1707 anxia
987 1665 1145 1708 lectum

46 1776 108 1822 A]

123 1734 180 1764 ue
202 1727 296 1763 toro
319 1720 452 1777 ponit.
510 1728 687 1763 renovat
725 1728 927 1776 ectusque
951 1721 1155 1777 locusque

109 1791 272 1834 cyonae
293 1776 490 1820 lacrimas
514 1783 574 1827 et,
599 1791 711 1833 quae
734 1792 852 1834 pars,
877 1778 1096 1830 admonet,
1121 1778 1245 1822 absit.

13 1831 38 1885 ’Ξ
46 1833 241 1893 portibus
264 1833 474 1885 exierant,
498 1841 541 1878 et
563 1842 754 1877 moverat
778 1850 882 1877 aura
905 1835 1124 1879 rudentes:

18 1885 231 1948 {obvertit
251 1890 373 1934 lateri
396 1890 629 1948 pendentes
652 1891 797 1934 navita
819 1906 959 1935 remos

2 1948 292 2004 &hom-numque
314 1948 359 1991 in
383 1963 551 1991 summa
573 1948 686 1991 locat
709 1948 860 1992 arbore
883 1956 1057 2005 totaque
1081 1949 1195 1992 malo

15 1994 226 2062 {carbasa
249 2004 440 2056 deducit,
463 2005 767 2061 venientesque
792 2006 946 2062 accipit
970 2021 1107 2049 auras.

19 2062 124 2126 >{aaut
144 2062 305 2114 minus,
329 2069 404 2105 aut
427 2070 539 2106 certe
562 2062 751 2106 medium
774 2077 862 2105 non
885 2063 1067 2120 amplius
1091 2077 1252 2119 aequor

16 2124 36 2165 τι*
46 2132 192 2177 puppe
214 2119 453 2170 secabatur,
477 2119 690 2177 longeque
713 2127 804 2162 erat
827 2127 1009 2175 utraque
1032 2120 1172 2171 tellus,

16 2174 147 2228 '‘‚igjcum
170 2191 287 2220 mare
310 2176 392 2220 sub
414 2184 584 2220 noctem
608 2176 780 2219 tumidis
805 2176 1020 2220 albescere
1045 2177 1185 2234 coepit

22 2232 266 2285 tfluotibus,
291 2240 334 2277 et
356 2248 508 2290 praece
542 2248 561 2276 s
586 2234 746 2290 spirare
771 2233 980 2277 valentius
1004 2249 1147 2277 eurus.

21 2300 39 2338 ζμ
50 2289 200 2333 ‘ardua
222 2290 473 2334 iamdudum
497 2249 705 2334 demittite
730 2291 917 2341 cornua,'
941 2298 1079 2334 rector

21 2347 203 2390 solamat
225 2352 288 2391 ‘et
310 2347 519 2391 antemnis
543 2355 679 2390 totum
704 2348 941 2391 subnectite
965 2347 1147 2391 veluml'

8 2400 117 2458 thio
139 2403 277 2447 iubet:
301 2404 539 2472 imJJediunt
562 2405 766 2448 adversae
790 2405 906 2447 iussa
928 2405 1152 2461 procellae,

0 2453 127 2515 &nec
149 2460 249 2504 sinit
271 2461 410 2504 audlri
433 2476 584 2505 vocem
607 2462 753 2529 fragor
776 2462 972 2516 aequoris
996 2462 1142 2504 ullam.

20 2513 196 2574 *sponte
219 2525 361 2562 tamen
385 2526 615 2576 properant
639 2519 710 2561 ahi
734 2519 972 2562 subducere
995 2533 1148 2570 remos,

9 2588 18 2596 '⁷
167 2575 334 2619 munire
356 2576 489 2626 latus,
513 2590 613 2633 pars
637 2575 773 2618 ventis
797 2576 893 2618 vela
916 2591 1087 2632 negare.

126 2631 181 2674 rit
203 2631 273 2675 hic
295 2632 449 2676 fluctus
473 2646 718 2689 aequorque
741 2632 927 2675 refundit
951 2633 995 2675 in
1020 2647 1198 2688 aequor:

11 2701 30 2731 x
92 2702 116 2731 c
137 2688 249 2746 rapit
272 2696 506 2741 antemnas.
566 2704 676 2746 quae
701 2689 804 2732 dum
827 2690 918 2732 sine
941 2690 1036 2746 lege
1060 2697 1280 2746 geruntur,

125 2759 198 2789 era
221 2746 371 2790 crescit
394 2746 549 2798 hiems,
575 2746 774 2802 omnique
799 2761 823 2790 e
847 2754 967 2803 parte
990 2746 1154 2790 feroces

133 2817 159 2846 a
180 2811 334 2860 gerunt
358 2804 475 2848 venti
499 2804 692 2860 fretaque
716 2803 981 2860 indignantia
1005 2803 1197 2847 miscent.

28 3124 68 3151 ,ἐς
15 2996 50 3116 -αμιρσιικ
25 2899 51 2982 Τυφῶ
11 2870 43 2887 ‘r'-
12 2819 47 2831 Ἀ
20 2787 35 2807 ‘⁴⁴‘

1349 265 1431 309 191

1455 483 1529 516 450

1453 767 1526 800 455

1453 1050 1527 1083 460

1451 1336 1523 1369 465

1450 1621 1523 1654 470

1449 1907 1521 1939 475

1449 2191 1522 2224 480

1447 2477 1519 2511 485

1446 2761 1519 2793 490
