1774 3256
345 247 404 290 40
763 255 807 290 P.
834 253 999 291 OVIDII
1022 251 1238 290 NASONIS

346 345 513 393 torquet
537 345 579 380 et
602 337 827 379 immensos
850 336 960 379 saltu
984 335 1174 378 sinuatur
1195 335 1239 377 in
1264 350 1399 386 arcus,

347 409 398 437 ac
421 393 560 436 media
581 393 677 448 plus
700 401 820 449 parte
843 392 957 434 leves
982 399 1146 434 erectus
1169 391 1214 434 in
1237 407 1361 434 auras
1470 427 1472 429 .

348 450 523 506 despicit
547 463 670 491 omne
693 464 860 498 nemus,
885 455 1085 502 tantoque
1110 456 1174 491 est
1197 462 1384 505 corpore,
1407 454 1584 504 quanto,

278 522 323 553 45
349 507 384 548 si
407 514 541 548 totum
565 513 749 561 spectes,
774 505 964 561 geminas
989 505 1062 559 qui
1086 512 1253 561 separat
1274 505 1445 548 Arctos.

347 577 427 605 nec
449 576 585 604 mora:
609 561 865 613 Phoenicas,
890 562 978 604 sive
1001 562 1060 603 illi
1084 562 1167 603 tela
1189 561 1408 617 parabant,

348 620 435 661 sive
458 618 626 674 fugam,
650 619 738 661 sive
761 619 851 674 ipse
874 619 998 660 timor
1020 618 1269 674 prohibebat
1291 625 1532 684 utrumque,

349 683 540 732 occupat.
599 675 676 717 hos
700 690 861 725 morsu,
885 675 1022 731 longis
1047 674 1311 730 amplexibus
1333 674 1441 726 illos,

348 732 425 774 hos
449 738 572 774 necat
595 732 749 774 adflata
771 732 927 775 funesti
951 731 1048 774 tabe
1073 731 1236 774 veneni.

280 802 325 834 50
348 790 505 832 fecerat
529 788 704 844 exiguas
727 788 812 831 iam
835 789 897 831 sol
921 788 1146 830 altissimus
1170 788 1361 830 umbras:

348 860 458 901 quae
481 860 600 888 mora
623 846 677 887 sit
700 845 843 895 sociis,
867 845 1042 886 miratur
1065 845 1266 900 Agenore
1289 851 1414 887 natus

351 903 618 958 vestigatque
643 902 765 944 viros.
823 901 1009 957 tegimen
1031 901 1203 957 derepta
1226 901 1338 944 leoni

348 959 471 1024 pellis
496 965 605 1008 erat,
629 959 760 1002 telum
783 958 1019 1014 splendenti
1041 958 1189 1000 lancea
1212 957 1323 999 ferro

351 1023 393 1058 et
415 1015 617 1065 iaculum,
642 1016 810 1070 teloque
834 1015 998 1056 animus
1021 1014 1298 1070 praestantior
1321 1012 1448 1056 omni.

282 1086 325 1116 55
350 1080 397 1114 ut
420 1087 568 1114 nemus
591 1072 760 1114 intravit
782 1072 992 1125 letataque
1017 1085 1192 1126 corpora
1215 1070 1320 1113 vidit

350 1129 636 1183 victoremque
661 1144 789 1184 supra
812 1127 985 1183 spatiosi
1008 1127 1193 1182 corporis
1215 1126 1381 1169 hostem

349 1185 484 1227 tristia
508 1185 741 1240 sanguinea
763 1184 1018 1226 lambentem
1042 1184 1217 1226 vulnera
1238 1183 1398 1248 lingua,

352 1247 445 1284 ‘aut
468 1241 578 1283 ultor
602 1249 785 1291 vestrae,
810 1240 1012 1282 fidissima
1036 1254 1228 1295 corpora,
1251 1239 1422 1290 mortis,

351 1306 426 1341 aut
450 1298 608 1340 comes'
632 1297 803 1352 inquit‘
811 1297 909 1339 ero?
969 1297 1093 1346 dixit,
1118 1297 1349 1350 dextraque
1372 1295 1575 1339 molarem

285 1367 328 1399 60
353 1355 520 1397 sustulit
543 1363 585 1397 et
608 1369 810 1410 magnum
834 1368 989 1408 magno
1014 1353 1232 1396 conamine
1256 1352 1380 1395 misit.

349 1411 461 1453 illius
477 1411 668 1477 impulsu
693 1425 792 1453 cum
815 1410 999 1452 turribus
1024 1410 1157 1451 ardua
1180 1409 1301 1451 celsis

350 1467 517 1510 moenia
540 1476 655 1509 mota
678 1467 833 1509 forent·
860 1481 1030 1522 serpens
1055 1466 1144 1509 sine
1167 1466 1340 1508 vulnere
1362 1465 1532 1517 mansit,

349 1525 588 1579 loricaeque
611 1524 738 1565 modo
762 1524 947 1577 squamis
973 1523 1170 1565 defensus
1195 1530 1238 1565 et
1260 1530 1376 1566 atrae

351 1580 505 1623 duritia
527 1581 649 1645 pellis
671 1580 832 1622 validos
857 1587 952 1622 cute
976 1580 1158 1645 reppulit
1180 1579 1302 1622 ictus.

284 1650 326 1682 65
352 1646 394 1680 at
417 1652 502 1679 non
526 1636 679 1678 duritia
701 1637 886 1678 iaculum
911 1650 1079 1691 quoque
1103 1635 1203 1678 vicit
1225 1635 1388 1686 eadem,

351 1694 465 1749 quod
488 1693 626 1736 medio
649 1694 787 1735 lentae
812 1693 956 1748 spinae
980 1692 1222 1735 curvamine
1244 1692 1378 1735 fixum

351 1750 553 1799 constitit3
579 1757 621 1792 et
644 1757 778 1791 totum
803 1749 1052 1791 descendit'
1041 1764 1084 1790 m
1107 1749 1179 1790 ilia
1201 1748 1374 1791 ferrum.

350 1807 422 1850 ille
447 1807 589 1848 dolore
612 1806 731 1848 ferox
756 1813 883 1861 caput
906 1805 950 1846 in
973 1820 1051 1847 sua
1074 1812 1193 1861 terga
1216 1805 1381 1847 retorsit

313 1894 316 1898 .
351 1864 611 1917 vulneraque
635 1862 798 1918 aspexit
821 1862 1036 1916 fixumque
1060 1861 1210 1904 hastile
1233 1860 1472 1910 momordit,

285 1932 328 1963 70
351 1920 479 1985 idque
503 1919 577 1961 ubi
600 1919 643 1960 vi
666 1919 798 1960 multa
821 1926 983 1973 partem
1006 1918 1238 1960 labefecit
1226 1933 1270 1960 111
1295 1932 1478 1967 omnem,

352 1976 423 2017 vix
446 1984 564 2031 tergo
589 1975 759 2031 eripuit:
784 1974 943 2017 ferrum
967 1983 1107 2017 tamen
1131 1974 1294 2016 ossibus
1319 1973 1468 2017 haesit.

351 2040 452 2074 tunc
475 2046 574 2074 vero
597 2039 822 2087 postquam
846 2031 988 2073 solitas
1013 2030 1186 2073 accessit
1209 2030 1298 2073 ad
1286 2045 1370 2073 1ras

352 2103 481 2131 causa
503 2103 667 2137 recens,
691 2088 823 2143 plenis
848 2095 1092 2129 tumueiunt
1114 2095 1287 2143 guttura
1310 2086 1443 2137 venis,

352 2159 584 2201 spumaque
607 2144 828 2200 pestiferos
853 2144 1103 2186 circumfluit
1123 2144 1267 2210 albida
1289 2143 1434 2194 rictus,

284 2215 326 2247 75
352 2209 545 2267 telraque
568 2216 664 2243 rasa
687 2208 808 2243 sonat
831 2201 1037 2255 squamis,
1062 2200 1219 2255 quique
1243 2200 1396 2243 halitus
1420 2199 1508 2243 exit

351 2273 422 2300 ore
445 2258 566 2313 niger
591 2257 761 2313 Stygio,
786 2257 950 2299 vitiatas
975 2257 1107 2299 inficit
1130 2272 1267 2299 auras.

349 2315 440 2380 ipse
464 2314 624 2356 modo
613 2329 865 2356 immensum
890 2313 1010 2369 spiris
1034 2313 1285 2356 facientibus
1309 2313 1455 2355 orbem

350 2371 545 2427 cingitur,
568 2370 779 2413 interdum
803 2371 931 2426 longa
953 2370 1072 2412 trabe
1096 2370 1247 2412 rectior
1275 2376 1397 2420 astat,

349 2428 504 2483 impete
527 2441 641 2469 nunc
665 2434 783 2469 vasto
809 2442 886 2470 ceu
912 2427 1099 2469 concitus
1121 2426 1327 2468 imbribus
1351 2424 1490 2468 amnis

280 2496 326 2528 80
349 2484 482 2526 fertur
505 2491 548 2526 et
572 2484 785 2526 obstantes
810 2483 1029 2539 proturbat
1052 2491 1220 2538 pectore
1244 2482 1385 2526 silvas.

349 2540 459 2582 cedit
482 2540 749 2605 Agenorides
769 2540 948 2606 paulum
973 2540 1188 2595 spolioque
1211 2538 1343 2581 leonis

350 2596 528 2638 sustinet
551 2596 743 2638 incursus
767 2597 1050 2650 instantiaque
1074 2611 1148 2638 ora
1170 2595 1356 2638 retardat

349 2652 523 2708 cuspide
547 2661 776 2708 praetenta.
835 2653 936 2694 furit
957 2653 1027 2695 ille
1052 2660 1093 2694 et
1114 2652 1256 2694 inania
1279 2651 1385 2693 duro

322 2709 524 2751 vulnera
547 2709 619 2750 dat
642 2709 753 2750 ferro
778 2709 986 2764 figitque
975 2725 1019 2750 111
1044 2708 1236 2751 acumine
1261 2708 1423 2751 dentes.

279 2778 324 2810 85
347 2765 517 2821 iamque
541 2764 783 2808 venenifero
809 2765 980 2821 sanguis
1003 2780 1174 2808 manare
1197 2765 1339 2821 palato
