1774 3256
358 244 414 286 32
796 253 840 287 Ρ.
866 251 1032 288 0V1D11
1054 249 1271 287 NASONIS

267 347 335 378 570
358 334 477 385 (nota
499 333 720 388 loquor)g
692 333 855 382 «renuit,
879 331 1127 386 fueramque
1151 345 1231 386 ego
1254 330 1372 387 regia
1395 330 1528 387 virgo,
1572 348 1580 360 ·

359 389 641 443 divitibusque
665 389 802 453 procis
825 411 882 418 --
904 402 957 430 ne
981 402 1049 429 me
1073 394 1292 430 contemne
1315 410 1373 418 —
1393 386 1581 443 petebat.

358 445 495 487 forma
517 445 619 486 mihi
642 444 798 486 nocuit.
855 459 954 485 nam
980 458 1076 486 cum
1099 458 1175 509 per
1195 443 1318 485 litora
1339 443 1464 486 lentis

358 501 570 566 passibus,
595 508 642 542 ut
666 501 799 550 soleo,
823 515 988 542 summa
1012 500 1214 556 spatiarer
1236 500 1406 550 harena,

358 557 464 599 vidit
487 565 528 599 et
549 557 723 599 incaluit
746 556 886 612 pelagi
911 556 1027 598 deus.
1086 564 1218 610 utque
1241 555 1452 611 precando

269 627 334 659 675
361 621 548 669 tempora
572 628 668 655 cum
694 613 858 654 blandis
883 612 1150 668 absumpsit
1138 613 1280 655 inania
1303 612 1455 661 verbis,

360 670 444 711 vim
469 677 590 735 parat
613 676 655 712 et
678 669 879 723 sequitur.
938 669 1056 724 fugio
1081 669 1343 724 densumque
1366 669 1560 724 relinquo

359 726 458 768 litus
483 733 524 768 et
546 726 590 767 in
613 725 729 767 molli
752 725 1009 780 nequiquam
1033 726 1166 768 lassor
1189 725 1358 768 harena.

358 783 456 824 inde
481 783 582 824 deos
605 782 880 836 hominesque
904 796 1027 824 voco:
1052 796 1130 824 nec
1154 782 1330 848 contigit
1351 781 1485 824 ullum

273 879 276 882 ,
359 854 442 881 vox
466 854 560 881 mea
583 839 814 881 mortalem.
875 846 988 880 mota
1012 845 1076 881 est
1099 853 1176 894 pro
1199 838 1362 894 virgine
1385 837 1506 894 virgo

269 908 336 941 680
360 895 645 950 auxiliumque
668 895 775 936 tulit.
834 894 1059 937 tendebam
1082 895 1292 937 bracchia'
1301 894 1440 960 caelo·

360 951 556 994 bracchia
579 958 806 1007 coeperunt
828 951 993 993 levibus
1016 952 1253 1006 nigrescere
1275 951 1438 1007 pennis.

359 1009 515 1050 reicere
540 1024 592 1050 ex
617 1008 771 1050 umeris
796 1015 955 1050 vestem
979 1008 1176 1050 molibar:
1202 1015 1243 1049 at
1266 1008 1339 1050 illa

358 1065 503 1120 pluma
526 1071 614 1107 erat
638 1064 765 1119 inque
790 1072 929 1107 cutem
952 1064 1113 1107 radices
1138 1071 1282 1120 egerat
1303 1064 1423 1106 imas.

271 1157 275 1164 ,
358 1122 559 1177 plangere
582 1121 698 1162 nuda
720 1121 825 1163 meis
849 1121 1032 1163 conabar
1054 1128 1225 1176 pectora
1247 1121 1416 1176 palmis:
1733 1123 1762 1175 1⁹⁴

266 1191 334 1222 585
360 1178 434 1220 sed
458 1192 594 1232 neque
618 1178 701 1220 iam
726 1178 887 1233 palmas
911 1192 990 1219 nec
1013 1185 1184 1243 pectora
1206 1178 1321 1219 nuda
1343 1176 1559 1233 ger.ebam
1710 1162 1770 1238 g}

361 1235 598 1276 cur:rebam
624 1249 721 1283 nec,
746 1241 794 1276 ut
818 1241 933 1283 ante,
957 1235 1085 1290 pedes
1108 1233 1316 1276 retinebat
1337 1233 1508 1284 harena,
1733 1232 1774 1282 ⁴3¹5*ss

359 1291 434 1333 sed
459 1306 623 1332 summa
646 1291 822 1333 tollebar
845 1291 987 1332 humo.
1047 1305 1144 1332 mox
1169 1298 1263 1332 acta
1284 1305 1361 1346 per
1384 1304 1508 1332 auras
1746 1283 1774 1357 ’ξ

360 1347 515 1390 evehor
539 1355 580 1389 et
604 1347 702 1388 data
725 1362 818 1389 sum
844 1360 983 1389 comes
991 1347 1222 1413 ‘inculpata
1243 1347 1479 1389 Minervae.

271 1441 274 1445 Α
360 1404 461 1459 quid
485 1412 626 1446 tamen
651 1404 731 1445 hoc
754 1404 944 1459 prodest,
969 1403 1006 1445 si
1029 1404 1119 1445 diro
1143 1403 1256 1445 facta
1279 1402 1463 1445 volucris

268 1472 336 1504 590
361 1460 533 1503 crimine
555 1460 807 1516 Nyctimene
831 1468 973 1502 nostro
999 1460 1200 1502 successit
1223 1459 1395 1501 honori?
1744 1498 1753 1503 -

360 1533 413 1558 an
438 1531 546 1571 quae
571 1532 645 1572 per
669 1524 801 1558 totam
824 1532 889 1559 res
915 1524 976 1558 est
1001 1516 1219 1558 notissima
1241 1516 1430 1564 Lesbon,
1477 1522 1723 1576 (Nyctimene.)
1747 1524 1771 1554 ’ἐ

358 1588 444 1615 non
469 1573 613 1615 audita
636 1573 712 1615 tibi
737 1580 818 1622 est,
842 1573 1026 1629 patrium
1049 1580 1274 1616 temerasse
1298 1572 1436 1614 cubile

358 1630 665 1685 Nyctimenen?
689 1630 778 1671 avis
801 1629 873 1671 illa
897 1630 1085 1683 quidem;
1111 1629 1185 1672 sed
1208 1629 1376 1672 conscia
1399 1628 1549 1684 culpae
1758 1662 1770 1685 χ

360 1694 632 1742 conspectum
655 1687 877 1740 lucemque
901 1686 1012 1741 fugit
1035 1686 1302 1740 tenebrisque
1325 1685 1532 1741 pudorem

268 1755 334 1787 595
360 1743 486 1793 celat,
511 1749 553 1784 et
576 1758 602 1784 a
625 1743 786 1784 cunctis
811 1743 1032 1798 expellitur
1055 1742 1222 1784 aethere
1246 1742 1360 1784 toto.'

358 1799 458 1840 talia
482 1798 636 1840 dicenti
662 1798 775 1840 ‘tibi’
801 1798 857 1840 ait
882 1799 1184 1840 ‘revocamina'
1210 1813 1361 1840 corvus

359 1855 462 1896 ‘sint
484 1869 632 1910 precor
655 1854 735 1896 ista
758 1855 887 1896 malo:
912 1869 988 1896 nos
1013 1869 1169 1896 vanum
1194 1855 1428 1910 spernimus
1452 1853 1603 1905 omen‚'

357 1926 437 1954 nec
460 1918 656 1966 coeptum
681 1911 851 1952 dimittit
874 1911 965 1960 iter,
991 1911 1243 1965 dominoque
1267 1911 1474 1953 iacentem

359 1983 456 2010 cum
478 1967 630 2009 iuvene
654 1967 892 2009 Haemonio
916 1968 1069 2009 vidisse
1095 1966 1308 2009 Coronida
1331 1973 1486 2009 narrat.

267 2039 335 2070 600
357 2025 501 2066 laurea
525 2024 697 2079 delapsa
721 2031 785 2066 est
808 2024 951 2065 audito
977 2024 1148 2066 crimine
1172 2023 1342 2073 amanti,

358 2088 400 2123 et
423 2080 579 2136 pariter
603 2081 829 2134 vultusque
855 2081 934 2122 deo
957 2080 1246 2136 plectrumque
1271 2080 1468 2133 colorque
1757 2096 1770 2138 1.

357 2137 524 2180 excidit.
585 2144 713 2190 utque
737 2136 900 2178 animus
924 2137 1086 2178 tumida
1109 2136 1300 2179 fervebat
1323 2136 1377 2178 ab
1400 2137 1477 2186 ira,
1751 2137 1769 2175 -']

358 2209 475 2235 arma
499 2200 666 2235 assueta
689 2193 798 2248 rapit
820 2193 1060 2247 flexumque
1086 2209 1111 2234 a
1135 2192 1330 2235 cornibus
1355 2207 1500 2235 arcum

357 2250 491 2292 tendit
515 2258 556 2292 et
579 2250 650 2291 illa
674 2264 750 2291 suo
775 2250 926 2292 totiens
952 2264 1046 2291 cum
1071 2258 1238 2305 pectore
1262 2250 1404 2292 iuncta

267 2320 332 2352 605
356 2306 586 2348 indevitato
610 2306 771 2347 traiecit
795 2313 966 2362 pectora
990 2307 1086 2348 telo.

357 2363 441 2404 icta
465 2363 580 2404 dedit
603 2363 807 2418 gemitum
832 2370 1046 2416 tractoque
1071 2378 1097 2404 a
1119 2362 1291 2404 vulnere
1315 2361 1427 2404 ferro
1748 2387 1770 2406 e.

357 2419 536 2461 candida
551 2419 738 2498 puniceo
763 2419 948 2474 perfudit
970 2419 1160 2461 membra
1183 2433 1329 2460 cruore
1764 2423 1766 2425 ’

357 2483 398 2517 et
422 2475 526 2517 dixit
551 2476 686 2531 ‘potui
711 2491 867 2541 poenas
892 2475 986 2525 tibi,
1011 2475 1206 2523 Phoebe,
1231 2474 1410 2525 dedisse,

357 2532 430 2574 sed
453 2532 664 2587 peperisse
688 2532 823 2587 prius:
849 2532 933 2573 duo
956 2546 1069 2573 nunc
1093 2531 1319 2573 moriemur
1340 2531 1386 2572 in
1408 2529 1521 2573 una!

266 2601 333 2632 610
357 2587 579 2638 hactenus,
603 2596 645 2630 et
668 2589 824 2643 pariter
847 2588 976 2630 vitam
1002 2603 1097 2630 cum
1123 2588 1328 2643 sanguine
1350 2587 1475 2629 fudit.

357 2658 508 2698 corpus
532 2644 655 2686 inane
679 2645 843 2687 animae
867 2645 1001 2700 frigus
1025 2644 1148 2686 letale
1172 2651 1363 2686 secutum
1387 2650 1464 2686 est.

412 2699 608 2742 Paenitet
630 2724 688 2730 —
710 2701 793 2742 heu
817 2715 910 2743 sero
933 2725 991 2730 —
1013 2715 1174 2756 poenae
1198 2700 1378 2742 crudelis
1403 2706 1628 2750 amantem,

356 2771 503 2812 seque,
528 2757 639 2811 quod
664 2757 861 2808 audierit,
887 2758 999 2811 quod
1023 2757 1082 2799 sic
1107 2757 1325 2807 exarserit,
1350 2756 1456 2799 odit:

1761 2034 1774 2044 ¹.
1747 2020 1749 2022 ¹
1758 2003 1759 2007 Α
1754 1944 1767 1994 uer-m
1755 1687 1774 1932 ιμ’·ᾒῑψ-,Ἶι-κῳκ
1760 1631 1764 1635 .
1760 1614 1764 1620 .
1760 1590 1767 1605 -,
