1786 3242
285 264 370 307 222
702 272 746 307 Ρ.
773 271 938 308 OVIDII
962 269 1178 308 NASONIS

280 355 469 397 Hectora
493 354 564 408 qui
589 353 721 402 solus,
746 352 819 406 qui
842 351 1036 394 ferrum
1024 365 1229 418 ignesque
1252 351 1485 408 Iovemque

281 409 478 452 sustinuit
501 409 673 458 totiens,
698 423 826 450 unam
850 423 935 450 non
960 415 1136 450 sustmet
1159 422 1278 474 iram,

189 478 255 511 385
279 466 566 519 invictumque
590 464 728 506 virum
752 463 881 506 vineit
905 464 1036 506 dolor.
1096 464 1239 519 arripit
1262 477 1407 506 ensem

280 526 357 564 et‘
364 536 483 563 meus
508 520 576 563 hic
600 527 712 562 certe
737 527 818 562 est:
844 535 898 562 an
922 528 964 562 et
987 520 1100 562 hunc
1124 519 1203 562 sibi
1214 519 1362 585 poscit
1384 518 1566 563 Ulixes?

279 577 377 619 hoc’
404 577 461 619 ait
486 576 710 619 ‘utendum
734 583 797 618 est
819 576 863 618 in
887 591 955 619 me
978 575 1095 618 mihi.
1154 575 1310 630 quique
1334 589 1482 619 cruore

279 648 406 689 saepe
430 632 659 698 Phrygum
674 632 855 681 maduit,
880 631 1038 674 domini
1061 646 1174 674 nunc
1198 631 1326 675 caede
1350 631 1551 683 madebit,

277 704 331 732 ne
356 689 579 744 quisquam
602 688 780 731 Aiacem
805 688 937 744 possit
962 703 1160 744 superare
1183 687 1264 730 nisi
1286 687 1429 730 Aiax.'

188 758 256 790 890
280 746 398 796 dixit,
423 752 464 788 et
485 745 529 786 in
583 752 700 787 ectus
723 752 813 786 tum
838 745 1007 787 demum
1032 745 1207 786 vulnera
1229 758 1415 799 passum,

279 816 364 857 qua
387 801 523 857 patuit
564 816 722 851 e,rrum
746 801 915 843 letalem
939 800 1126 843 condidit
1150 815 1306 843 ensem.

278 872 358 901 nec
381 858 550 900 valuere
574 872 724 899 manus
747 857 925 899 infixum
949 857 1126 899 educere
1150 857 1300 899 telum·

279 914 475 970 expulit
463 928 552 969 ipse
577 928 711 955 cruor.
770 910 1071 968 rubefactaque
1097 913 1300 969 sanguine
1324 911 1448 956 tellus

252 985 538 1036 purpureum
561 969 683 1011 viridi
706 969 853 1025 genuit
877 969 930 1012 de
955 969 1136 1025 caespite
1159 949 1319 1020 florem,

187 1038 254 1070 395
279 1026 353 1080 qui
375 1026 491 1081 prius
517 1025 697 1068 Oebalio
720 1026 858 1068 fuerat
881 1026 934 1068 de
958 1026 1131 1068 vulnere
1155 1033 1293 1067 natus.

277 1082 416 1125 littera
440 1082 673 1124 communis
697 1082 845 1124 mediis
869 1096 1086 1148 pueroque
1110 1082 1285 1136 viroque

277 1138 479 1193 inscripta
503 1146 566 1180 est
589 1138 720 1188 foliis,
744 1138 849 1180 haec
872 1138 1072 1188 nominis,
1097 1138 1169 1180 illa
1193 1138 1405 1192 querelae.

334 1194 484 1237 Victor
501 1194 555 1235 ad
573 1195 833 1249 Hypsipyles
852 1195 1031 1250 patriam
1051 1194 1235 1248 clarique
1255 1193 1403 1237 Thoan
1483 1203 1640 1240 Hecuba.

279 1258 321 1293 et
344 1258 535 1293 veterum
559 1257 690 1292 terras
714 1250 893 1292 infames
917 1251 1046 1293 caede
1070 1251 1255 1292 virorum

185 1319 254 1352 400
278 1307 373 1348 vela
397 1306 486 1356 dat,
510 1313 558 1348 ut
580 1306 748 1355 referat,
772 1306 994 1362 Tirynthia
1017 1307 1120 1357 tela,
1146 1306 1333 1372 sagittas.

277 1377 387 1416 quae
410 1370 635 1428 postquam
659 1362 713 1404 ad
738 1361 911 1412 Graios,
937 1362 1106 1405 domino
1131 1362 1375 1413 comitante,
1398 1363 1575 1414 revexit,

276 1419 472 1474 impofflta
496 1426 559 1460 est
583 1433 675 1460 sero
700 1418 871 1460 tandem
894 1433 1044 1460 manus
1068 1418 1216 1460 ultima
1240 1418 1363 1461 bello.

277 1474 406 1516 Troia
429 1475 552 1516 simul
576 1474 856 1529 Priamusque
881 1475 1054 1517 cadunt:
1078 1474 1292 1517 Priameia
1315 1473 1498 1517 coniunx

256 1530 458 1586 perdidit
481 1530 628 1573 infelix
652 1531 831 1573 hominis
855 1538 951 1587 post
974 1531 1115 1573 omnia
1137 1531 1316 1573 formam

184 1600 252 1632 405
278 1594 556 1642 externasque
579 1602 689 1629 novo
712 1588 866 1629 latratu
890 1588 1038 1630 terruit
1061 1602 1169 1638 oras,

276 1644 426 1699 longus
450 1643 494 1685 in
518 1651 746 1699 angustum
768 1657 854 1698 qua
877 1644 1085 1686 clauditur
1108 1643 1422 1699 Hellespontus.

275 1700 387 1741 Ilion
412 1699 605 1750 ardebat,
630 1714 768 1754 neque
793 1700 932 1742 adhuc
956 1699 1201 1742 consederat
1223 1699 1353 1755 ignis:

276 1755 561 1811 exiguumque
586 1756 696 1798 senis
719 1756 879 1798 Priami
903 1756 1015 1798 Iovis
1040 1771 1112 1798 ara
1135 1770 1327 1798 cruorem

277 1812 548 1854 combiberat.
607 1819 784 1854 tractata
809 1812 937 1854 comis
963 1812 1148 1854 antistita
1171 1811 1336 1854 Phoebi

184 1881 252 1913 410
275 1882 359 1909 non
383 1868 643 1923 profecturas
667 1868 867 1910 tendebat
890 1869 944 1910 ad
968 1868 1139 1911 aethera
1161 1868 1337 1924 palmas.

275 1924 544 1966 Dardanidas
569 1931 744 1974 matres,
767 1924 997 1980 patriorum
1022 1924 1144 1980 signa
1166 1924 1341 1966 deorum

276 1979 376 2022 dum
401 1980 499 2023 licet
523 1980 739 2035 amplexas
764 1994 1049 2034 succensaque
1072 1981 1230 2036 templa
1252 1986 1458 2032 tenentes,

273 2035 482 2078 invidiosa
505 2036 675 2078 trahunt
698 2036 874 2078 victores
899 2036 1084 2092 praemia
1108 2035 1228 2079 Grai.

274 2092 452 2134 mittitur
474 2092 698 2148 Astyanax
721 2092 802 2134 illis
827 2093 879 2134 de
903 2093 1107 2142 turribus,
1131 2092 1244 2134 unde

182 2161 249 2192 415
274 2155 535 2204 pugnantem
558 2163 635 2204 pro
660 2163 703 2190 se
727 2149 1001 2204 proavitaque
1024 2163 1157 2204 regna
1179 2155 1367 2191 tuentem

144 2210 154 2218 ⁴
275 2219 401 2260 saepe
425 2204 567 2247 videre
590 2211 753 2260 patrem
776 2212 1054 2247 monstratum
1078 2220 1103 2246 a
1125 2211 1258 2247 matre
1282 2204 1457 2248 solebat.

272 2260 441 2315 iamque
465 2261 577 2302 viam
601 2261 750 2303 suadet
772 2261 942 2311 boreas,
966 2262 1151 2315 flatuque
1176 2261 1361 2304 secundo

274 2317 450 2359 carbasa
471 2324 586 2359 mota
610 2324 772 2359 sonant.
830 2317 950 2359 iubet
971 2317 1033 2360 uti
1057 2317 1198 2359 navita
1221 2317 1370 2359 ventis.

274 2372 441 2423 ‘Troia,
465 2372 578 2416 vale!
603 2373 807 2429 rapimur'
833 2374 1032 2423 clamant,
1058 2373 1160 2415 dant
1182 2373 1325 2416 oscula
1347 2379 1484 2417 terrae

180 2441 249 2473 420
273 2429 482 2479 Troades,
507 2437 548 2472 et
571 2429 731 2485 patriae
755 2430 961 2471 fumantia
984 2436 1095 2471 tecta
1117 2429 1371 2484 relinquunt.

271 2485 419 2527 ultima
443 2486 684 2528 conscendit
708 2485 904 2535 classem,
928 2485 1164 2528 miserabile
1188 2485 1296 2535 visu,

271 2541 317 2582 in
339 2542 488 2584 mediis
511 2542 692 2584 Hecuba
715 2549 908 2584 natorum
931 2542 1102 2584 inventa
1125 2542 1341 2597 sepulcris.

271 2605 537 2694 pDrensantem
561 2598 745 2640 tumulos
769 2605 894 2652 atque
919 2597 1083 2640 ossibus
1107 2598 1251 2640 oscula
1275 2597 1444 2640 dantem

319 2654 497 2696 ulichiae
521 2662 685 2697 traxere
709 2669 871 2697 manus.
930 2661 1071 2696 tamen
1094 2654 1218 2696 unius
1242 2653 1382 2696 hausit

179 2722 246 2753 425
271 2709 399 2764 inque
423 2711 517 2752 sinu
541 2710 700 2753 cineres
725 2725 867 2753 secum
891 2710 985 2752 tulit
1007 2711 1203 2753 Hectoris
1227 2709 1413 2753 haustos.

271 2766 468 2808 Hectoris
491 2766 535 2808 in
558 2767 720 2816 tumulo
745 2781 896 2810 canum
922 2767 973 2810 de
997 2766 1151 2810 vertice
1176 2766 1344 2816 crinem,
