<?xml version="1.0" encoding="UTF-8"?>
<!DOCTYPE html PUBLIC "-//W3C//DTD XHTML 1.0 Transitional//EN"
    "http://www.w3.org/TR/xhtml1/DTD/xhtml1-transitional.dtd">
<html xmlns="http://www.w3.org/1999/xhtml" xml:lang="en" lang="en">
 <head>
  <title>
</title>
<meta http-equiv="Content-Type" content="text/html;charset=utf-8" />
  <meta name='ocr-system' content='tesseract 3.04.00' />
  <meta name='ocr-capabilities' content='ocr_page ocr_carea ocr_par ocr_line ocrx_word'/>
</head>
<body>
  <div class='ocr_page' id='page_1' title='image "./carminao02oviduoft_0134.png"; bbox 0 0 1774 3256; ppageno 0'>
   <div class='ocr_carea' id='block_1_1' title="bbox 264 418 330 449">
    <p class='ocr_par' dir='ltr' id='par_1_1' title="bbox 264 418 330 449">
     <span class='ocr_line' id='line_1_1' title="bbox 264 418 330 449; baseline 0 0"><span class='ocrx_word' id='word_1_1' title='bbox 264 418 330 449; x_wconf 83' lang='lat'>370</span> 
     </span>
    </p>
   </div>
   <div class='ocr_carea' id='block_1_2' title="bbox 266 698 331 729">
    <p class='ocr_par' dir='ltr' id='par_1_2' title="bbox 266 698 331 729">
     <span class='ocr_line' id='line_1_2' title="bbox 266 698 331 729; baseline 0 0"><span class='ocrx_word' id='word_1_2' title='bbox 266 698 331 729; x_wconf 78' lang='lat'>375</span> 
     </span>
    </p>
   </div>
   <div class='ocr_carea' id='block_1_3' title="bbox 267 978 334 1010">
    <p class='ocr_par' dir='ltr' id='par_1_3' title="bbox 267 978 334 1010">
     <span class='ocr_line' id='line_1_3' title="bbox 267 978 334 1010; baseline 0.015 -1"><span class='ocrx_word' id='word_1_3' title='bbox 267 978 334 1010; x_wconf 84' lang='lat'>380</span> 
     </span>
    </p>
   </div>
   <div class='ocr_carea' id='block_1_4' title="bbox 270 1258 335 1290">
    <p class='ocr_par' dir='ltr' id='par_1_4' title="bbox 270 1258 335 1290">
     <span class='ocr_line' id='line_1_4' title="bbox 270 1258 335 1290; baseline 0 -1"><span class='ocrx_word' id='word_1_4' title='bbox 270 1258 335 1290; x_wconf 84' lang='lat'>385</span> 
     </span>
    </p>
   </div>
   <div class='ocr_carea' id='block_1_5' title="bbox 271 1525 337 1572">
    <p class='ocr_par' dir='ltr' id='par_1_5' title="bbox 271 1525 337 1572">
     <span class='ocr_line' id='line_1_5' title="bbox 271 1525 337 1572; baseline 0 0"><span class='ocrx_word' id='word_1_5' title='bbox 271 1525 337 1572; x_wconf 72' lang='lat'><strong>:³390</strong></span> 
     </span>
    </p>
   </div>
   <div class='ocr_carea' id='block_1_6' title="bbox 273 1822 338 1853">
    <p class='ocr_par' dir='ltr' id='par_1_6' title="bbox 273 1822 338 1853">
     <span class='ocr_line' id='line_1_6' title="bbox 273 1822 338 1853; baseline -0.015 0"><span class='ocrx_word' id='word_1_6' title='bbox 273 1822 338 1853; x_wconf 83' lang='lat'>395</span> 
     </span>
    </p>
   </div>
   <div class='ocr_carea' id='block_1_7' title="bbox 274 2105 340 2136">
    <p class='ocr_par' dir='ltr' id='par_1_7' title="bbox 274 2105 340 2136">
     <span class='ocr_line' id='line_1_7' title="bbox 274 2105 340 2136; baseline 0.015 -1"><span class='ocrx_word' id='word_1_7' title='bbox 274 2105 340 2136; x_wconf 84' lang='lat'>400</span> 
     </span>
    </p>
   </div>
   <div class='ocr_carea' id='block_1_8' title="bbox 274 2387 339 2418">
    <p class='ocr_par' dir='ltr' id='par_1_8' title="bbox 274 2387 339 2418">
     <span class='ocr_line' id='line_1_8' title="bbox 274 2387 339 2418; baseline 0 0"><span class='ocrx_word' id='word_1_8' title='bbox 274 2387 339 2418; x_wconf 87' lang='grc'>405</span> 
     </span>
    </p>
   </div>
   <div class='ocr_carea' id='block_1_9' title="bbox 275 2668 341 2700">
    <p class='ocr_par' dir='ltr' id='par_1_9' title="bbox 275 2668 341 2700">
     <span class='ocr_line' id='line_1_9' title="bbox 275 2668 341 2700; baseline 0 0"><span class='ocrx_word' id='word_1_9' title='bbox 275 2668 341 2700; x_wconf 78' lang='grc'>410</span> 
     </span>
    </p>
   </div>
   <div class='ocr_carea' id='block_1_10' title="bbox 352 258 1270 301">
    <p class='ocr_par' dir='ltr' id='par_1_10' title="bbox 352 258 1270 301">
     <span class='ocr_line' id='line_1_10' title="bbox 352 258 1270 301; baseline -0.005 0"><span class='ocrx_word' id='word_1_10' title='bbox 352 258 408 301; x_wconf 87' lang='grc'>98</span> <span class='ocrx_word' id='word_1_11' title='bbox 794 265 837 300; x_wconf 93' lang='grc' dir='ltr'>Ρ.</span> <span class='ocrx_word' id='word_1_12' title='bbox 865 262 1030 300; x_wconf 90' lang='lat' dir='ltr'>OVIDII</span> <span class='ocrx_word' id='word_1_13' title='bbox 1052 260 1270 300; x_wconf 83' lang='lat' dir='ltr'>NASONIS</span> 
     </span>
    </p>
   </div>
   <div class='ocr_carea' id='block_1_11' title="bbox 353 342 1766 2823">
    <p class='ocr_par' dir='ltr' id='par_1_11' title="bbox 353 342 1362 401">
     <span class='ocr_line' id='line_1_11' title="bbox 353 342 1362 401; baseline -0.007 -10"><span class='ocrx_word' id='word_1_14' title='bbox 353 352 617 390; x_wconf 87' lang='lat' dir='ltr'>“‘aeternum</span> <span class='ocrx_word' id='word_1_15' title='bbox 642 345 837 401; x_wconf 86' lang='lat' dir='ltr'>stagno”’</span> <span class='ocrx_word' id='word_1_16' title='bbox 864 344 969 385; x_wconf 82' lang='lat' dir='ltr'><strong>dixit</strong></span> <span class='ocrx_word' id='word_1_17' title='bbox 993 342 1192 385; x_wconf 85' lang='lat' dir='ltr'>“‘vivatis</span> <span class='ocrx_word' id='word_1_18' title='bbox 1215 342 1259 384; x_wconf 91' lang='lat' dir='ltr'>in</span> <span class='ocrx_word' id='word_1_19' title='bbox 1282 342 1362 384; x_wconf 90' lang='lat' dir='ltr'>isto</span> 
     </span>
    </p>

    <p class='ocr_par' dir='ltr' id='par_1_12' title="bbox 354 398 1402 458">
     <span class='ocr_line' id='line_1_12' title="bbox 354 398 1402 458; baseline -0.005 -12"><span class='ocrx_word' id='word_1_20' title='bbox 354 404 552 447; x_wconf 87' lang='lat' dir='ltr'>eveniunt</span> <span class='ocrx_word' id='word_1_21' title='bbox 575 410 717 458; x_wconf 90' lang='lat' dir='ltr'>optata</span> <span class='ocrx_word' id='word_1_22' title='bbox 742 401 859 443; x_wconf 87' lang='lat' dir='ltr'>deae.</span> <span class='ocrx_word' id='word_1_23' title='bbox 917 400 1036 442; x_wconf 81' lang='lat' dir='ltr'>iuvat</span> <span class='ocrx_word' id='word_1_24' title='bbox 1059 414 1151 442; x_wconf 91' lang='lat' dir='ltr'>esse</span> <span class='ocrx_word' id='word_1_25' title='bbox 1176 398 1254 440; x_wconf 92' lang='lat' dir='ltr'>sub</span> <span class='ocrx_word' id='word_1_26' title='bbox 1277 398 1402 441; x_wconf 89' lang='lat' dir='ltr'>undis</span> 
     </span>
    </p>

    <p class='ocr_par' dir='ltr' id='par_1_13' title="bbox 354 454 1482 512">
     <span class='ocr_line' id='line_1_13' title="bbox 354 454 1482 512; baseline -0.004 -11"><span class='ocrx_word' id='word_1_27' title='bbox 354 468 396 502; x_wconf 87' lang='lat' dir='ltr'>et</span> <span class='ocrx_word' id='word_1_28' title='bbox 418 459 544 501; x_wconf 89' lang='lat' dir='ltr'>modo</span> <span class='ocrx_word' id='word_1_29' title='bbox 569 466 655 500; x_wconf 88' lang='lat' dir='ltr'>tota</span> <span class='ocrx_word' id='word_1_30' title='bbox 679 472 784 500; x_wconf 89' lang='lat' dir='ltr'>cava</span> <span class='ocrx_word' id='word_1_31' title='bbox 808 457 1078 512; x_wconf 78' lang='lat' dir='ltr'>submergere</span> <span class='ocrx_word' id='word_1_32' title='bbox 1101 455 1292 497; x_wconf 90' lang='lat' dir='ltr'>membra</span> <span class='ocrx_word' id='word_1_33' title='bbox 1313 454 1482 510; x_wconf 84' lang='lat' dir='ltr'>palude,</span> 
     </span>
    </p>

    <p class='ocr_par' dir='ltr' id='par_1_14' title="bbox 353 511 1516 571">
     <span class='ocr_line' id='line_1_14' title="bbox 353 511 1516 571; baseline -0.003 -13"><span class='ocrx_word' id='word_1_34' title='bbox 353 530 466 558; x_wconf 91' lang='lat' dir='ltr'>nunc</span> <span class='ocrx_word' id='word_1_35' title='bbox 490 515 676 571; x_wconf 91' lang='lat' dir='ltr'>proferre</span> <span class='ocrx_word' id='word_1_36' title='bbox 701 520 847 570; x_wconf 88' lang='lat' dir='ltr'>caput,</span> <span class='ocrx_word' id='word_1_37' title='bbox 872 526 1035 555; x_wconf 88' lang='lat' dir='ltr'>summo</span> <span class='ocrx_word' id='word_1_38' title='bbox 1059 512 1186 553; x_wconf 90' lang='lat' dir='ltr'>modo</span> <span class='ocrx_word' id='word_1_39' title='bbox 1210 511 1378 567; x_wconf 84' lang='lat' dir='ltr'>gurgite</span> <span class='ocrx_word' id='word_1_40' title='bbox 1400 524 1516 560; x_wconf 83' lang='lat' dir='ltr'>nare,</span> 
     </span>
    </p>

    <p class='ocr_par' dir='ltr' id='par_1_15' title="bbox 355 568 1370 628">
     <span class='ocr_line' id='line_1_15' title="bbox 355 568 1370 628; baseline -0.005 -14"><span class='ocrx_word' id='word_1_41' title='bbox 355 587 480 628; x_wconf 83' lang='lat' dir='ltr'>saepe</span> <span class='ocrx_word' id='word_1_42' title='bbox 505 586 630 627; x_wconf 90' lang='lat' dir='ltr'>super</span> <span class='ocrx_word' id='word_1_43' title='bbox 652 571 787 626; x_wconf 82' lang='lat' dir='ltr'>ripam</span> <span class='ocrx_word' id='word_1_44' title='bbox 812 569 950 625; x_wconf 80' lang='lat' dir='ltr'>stagni</span> <span class='ocrx_word' id='word_1_45' title='bbox 975 568 1220 617; x_wconf 84' lang='lat' dir='ltr'>consistere,</span> <span class='ocrx_word' id='word_1_46' title='bbox 1244 582 1370 623; x_wconf 88' lang='lat' dir='ltr'>saepe</span> 
     </span>
    </p>

    <p class='ocr_par' dir='ltr' id='par_1_16' title="bbox 353 626 1511 684">
     <span class='ocr_line' id='line_1_16' title="bbox 353 626 1511 684; baseline -0.004 -14"><span class='ocrx_word' id='word_1_47' title='bbox 353 629 398 670; x_wconf 92' lang='lat' dir='ltr'>in</span> <span class='ocrx_word' id='word_1_48' title='bbox 421 628 582 684; x_wconf 89' lang='lat' dir='ltr'>gelidos</span> <span class='ocrx_word' id='word_1_49' title='bbox 605 627 763 669; x_wconf 88' lang='lat' dir='ltr'>resilire</span> <span class='ocrx_word' id='word_1_50' title='bbox 786 626 916 668; x_wconf 86' lang='lat' dir='ltr'>lacus.</span> <span class='ocrx_word' id='word_1_51' title='bbox 975 632 1016 667; x_wconf 88' lang='lat' dir='ltr'>et</span> <span class='ocrx_word' id='word_1_52' title='bbox 1039 638 1153 667; x_wconf 90' lang='lat' dir='ltr'>nunc</span> <span class='ocrx_word' id='word_1_53' title='bbox 1176 638 1344 679; x_wconf 90' lang='lat' dir='ltr'>quoque</span> <span class='ocrx_word' id='word_1_54' title='bbox 1368 630 1511 680; x_wconf 88' lang='lat' dir='ltr'>turpes</span> 
     </span>
    </p>

    <p class='ocr_par' dir='ltr' id='par_1_17' title="bbox 354 680 1766 738">
     <span class='ocr_line' id='line_1_17' title="bbox 354 680 1766 738; baseline -0.006 -11"><span class='ocrx_word' id='word_1_55' title='bbox 354 684 498 727; x_wconf 89' lang='lat' dir='ltr'>litibus</span> <span class='ocrx_word' id='word_1_56' title='bbox 523 690 717 726; x_wconf 84' lang='lat' dir='ltr'>exercent</span> <span class='ocrx_word' id='word_1_57' title='bbox 740 683 927 738; x_wconf 86' lang='lat' dir='ltr'>linguas,</span> <span class='ocrx_word' id='word_1_58' title='bbox 951 682 1159 737; x_wconf 90' lang='lat' dir='ltr'>pulsoque</span> <span class='ocrx_word' id='word_1_59' title='bbox 1183 680 1358 736; x_wconf 89' lang='lat' dir='ltr'>pudore,</span> <span class='ocrx_word' id='word_1_60' title='bbox 1745 727 1766 733; x_wconf 22' lang='grc' dir='ltr'>Δ,</span> 
     </span>
    </p>

    <p class='ocr_par' dir='ltr' id='par_1_18' title="bbox 357 736 1725 796">
     <span class='ocr_line' id='line_1_18' title="bbox 357 736 1725 796; baseline -0.004 -13"><span class='ocrx_word' id='word_1_61' title='bbox 357 741 550 796; x_wconf 89' lang='lat' dir='ltr'>quamvis</span> <span class='ocrx_word' id='word_1_62' title='bbox 574 740 657 782; x_wconf 90' lang='lat' dir='ltr'>sint</span> <span class='ocrx_word' id='word_1_63' title='bbox 681 740 760 782; x_wconf 90' lang='lat' dir='ltr'>sub</span> <span class='ocrx_word' id='word_1_64' title='bbox 784 753 913 793; x_wconf 86' lang='lat' dir='ltr'>aqua,</span> <span class='ocrx_word' id='word_1_65' title='bbox 939 738 1017 780; x_wconf 90' lang='lat' dir='ltr'>sub</span> <span class='ocrx_word' id='word_1_66' title='bbox 1042 752 1153 792; x_wconf 89' lang='lat' dir='ltr'>aqua</span> <span class='ocrx_word' id='word_1_67' title='bbox 1176 736 1426 778; x_wconf 80' lang='lat' dir='ltr'>maledicere</span> <span class='ocrx_word' id='word_1_68' title='bbox 1449 742 1672 792; x_wconf 77' lang='lat' dir='ltr'>temptant.</span> <span class='ocrx_word' id='word_1_69' title='bbox 1720 750 1725 758; x_wconf 63' lang='lat'><em>¹</em></span> 
     </span>
    </p>

    <p class='ocr_par' dir='ltr' id='par_1_19' title="bbox 355 792 1643 852">
     <span class='ocr_line' id='line_1_19' title="bbox 355 792 1643 852; baseline -0.004 -13"><span class='ocrx_word' id='word_1_70' title='bbox 355 811 440 839; x_wconf 88' lang='lat' dir='ltr'>vox</span> <span class='ocrx_word' id='word_1_71' title='bbox 464 811 632 852; x_wconf 88' lang='lat' dir='ltr'>quoque</span> <span class='ocrx_word' id='word_1_72' title='bbox 656 796 741 838; x_wconf 89' lang='lat' dir='ltr'>iam</span> <span class='ocrx_word' id='word_1_73' title='bbox 763 810 891 837; x_wconf 88' lang='lat' dir='ltr'>rauca</span> <span class='ocrx_word' id='word_1_74' title='bbox 915 802 998 844; x_wconf 89' lang='lat' dir='ltr'>est,</span> <span class='ocrx_word' id='word_1_75' title='bbox 1021 794 1251 847; x_wconf 88' lang='lat' dir='ltr'>inflataque</span> <span class='ocrx_word' id='word_1_76' title='bbox 1274 792 1382 835; x_wconf 85' lang='lat' dir='ltr'>colla</span> <span class='ocrx_word' id='word_1_77' title='bbox 1404 800 1643 835; x_wconf 88' lang='lat' dir='ltr'>tumescunt</span> 
     </span>
    </p>

    <p class='ocr_par' dir='ltr' id='par_1_20' title="bbox 355 850 1637 910">
     <span class='ocr_line' id='line_1_20' title="bbox 355 850 1637 910; baseline -0.006 -14"><span class='ocrx_word' id='word_1_78' title='bbox 355 854 533 910; x_wconf 89' lang='lat' dir='ltr'>ipsaque</span> <span class='ocrx_word' id='word_1_79' title='bbox 557 852 732 894; x_wconf 88' lang='lat' dir='ltr'>dilatant</span> <span class='ocrx_word' id='word_1_80' title='bbox 755 852 920 907; x_wconf 87' lang='lat' dir='ltr'>patulos</span> <span class='ocrx_word' id='word_1_81' title='bbox 944 850 1132 893; x_wconf 89' lang='lat' dir='ltr'>convicia</span> <span class='ocrx_word' id='word_1_82' title='bbox 1155 850 1297 891; x_wconf 88' lang='lat' dir='ltr'>rictus.</span> <span class='ocrx_word' id='word_1_83' title='bbox 1468 889 1474 894; x_wconf 74' lang='grc'><em>,</em></span> <span class='ocrx_word' id='word_1_84' title='bbox 1630 869 1637 874; x_wconf 91' lang='grc'>-</span> 
     </span>
    </p>

    <p class='ocr_par' dir='ltr' id='par_1_21' title="bbox 357 905 1473 965">
     <span class='ocr_line' id='line_1_21' title="bbox 357 905 1473 965; baseline -0.005 -13"><span class='ocrx_word' id='word_1_85' title='bbox 357 917 478 965; x_wconf 88' lang='lat' dir='ltr'>terga</span> <span class='ocrx_word' id='word_1_86' title='bbox 502 916 628 965; x_wconf 88' lang='lat' dir='ltr'>caput</span> <span class='ocrx_word' id='word_1_87' title='bbox 651 915 849 964; x_wconf 85' lang='lat' dir='ltr'>tangunt3</span> <span class='ocrx_word' id='word_1_88' title='bbox 875 908 982 949; x_wconf 90' lang='lat' dir='ltr'>colla</span> <span class='ocrx_word' id='word_1_89' title='bbox 1004 907 1236 962; x_wconf 87' lang='lat' dir='ltr'>intercepta</span> <span class='ocrx_word' id='word_1_90' title='bbox 1258 905 1473 954; x_wconf 85' lang='lat' dir='ltr'>videntur3</span> 
     </span>
    </p>

    <p class='ocr_par' dir='ltr' id='par_1_22' title="bbox 359 961 1524 1022">
     <span class='ocr_line' id='line_1_22' title="bbox 359 961 1524 1022; baseline -0.003 -15"><span class='ocrx_word' id='word_1_91' title='bbox 359 967 479 1022; x_wconf 90' lang='lat' dir='ltr'>spina</span> <span class='ocrx_word' id='word_1_92' title='bbox 502 966 625 1014; x_wconf 85' lang='lat' dir='ltr'>viret3</span> <span class='ocrx_word' id='word_1_93' title='bbox 650 973 808 1014; x_wconf 89' lang='lat' dir='ltr'>venter,</span> <span class='ocrx_word' id='word_1_94' title='bbox 832 979 930 1019; x_wconf 89' lang='lat' dir='ltr'>pars</span> <span class='ocrx_word' id='word_1_95' title='bbox 953 963 1138 1005; x_wconf 88' lang='lat' dir='ltr'>maxima</span> <span class='ocrx_word' id='word_1_96' title='bbox 1162 961 1366 1018; x_wconf 89' lang='lat' dir='ltr'>corporis,</span> <span class='ocrx_word' id='word_1_97' title='bbox 1391 961 1524 1004; x_wconf 78' lang='lat' dir='ltr'>albet:</span> 
     </span>
    </p>

    <p class='ocr_par' dir='ltr' id='par_1_23' title="bbox 357 1018 1765 1132">
     <span class='ocr_line' id='line_1_23' title="bbox 357 1018 1765 1076; baseline -0.004 -12"><span class='ocrx_word' id='word_1_98' title='bbox 357 1023 588 1076; x_wconf 89' lang='lat' dir='ltr'>limosoque</span> <span class='ocrx_word' id='word_1_99' title='bbox 611 1035 746 1064; x_wconf 86' lang='lat' dir='ltr'>novae</span> <span class='ocrx_word' id='word_1_100' title='bbox 771 1021 922 1062; x_wconf 89' lang='lat' dir='ltr'>saliunt</span> <span class='ocrx_word' id='word_1_101' title='bbox 946 1020 990 1061; x_wconf 91' lang='lat' dir='ltr'>in</span> <span class='ocrx_word' id='word_1_102' title='bbox 1013 1019 1182 1075; x_wconf 89' lang='lat' dir='ltr'>gurgite</span> <span class='ocrx_word' id='word_1_103' title='bbox 1205 1018 1380 1060; x_wconf 79' lang='lat' dir='ltr'>ranae’&#39;.</span> <span class='ocrx_word' id='word_1_104' title='bbox 1761 1053 1765 1060; x_wconf 96' lang='lat'>.</span> 
     </span>
     <span class='ocr_line' id='line_1_24' title="bbox 419 1075 1720 1132; baseline -0.002 -12"><span class='ocrx_word' id='word_1_105' title='bbox 419 1077 490 1121; x_wconf 87' lang='lat' dir='ltr'>Sic</span> <span class='ocrx_word' id='word_1_106' title='bbox 515 1077 588 1119; x_wconf 92' lang='lat' dir='ltr'>ubi</span> <span class='ocrx_word' id='word_1_107' title='bbox 611 1077 751 1120; x_wconf 90' lang='lat' dir='ltr'>nescio</span> <span class='ocrx_word' id='word_1_108' title='bbox 775 1077 868 1131; x_wconf 89' lang='lat' dir='ltr'>quis</span> <span class='ocrx_word' id='word_1_109' title='bbox 892 1076 1028 1132; x_wconf 88' lang='lat' dir='ltr'>Lycia</span> <span class='ocrx_word' id='word_1_110' title='bbox 1052 1076 1104 1117; x_wconf 91' lang='lat' dir='ltr'>de</span> <span class='ocrx_word' id='word_1_111' title='bbox 1128 1083 1254 1130; x_wconf 85' lang='lat' dir='ltr'>gente</span> <span class='ocrx_word' id='word_1_112' title='bbox 1278 1075 1465 1116; x_wconf 90' lang='lat' dir='ltr'>virorum</span> <span class='ocrx_word' id='word_1_113' title='bbox 1538 1082 1720 1126; x_wconf 70' lang='lat' dir='ltr'>Marsyas.</span> 
     </span>
    </p>

    <p class='ocr_par' dir='ltr' id='par_1_24' title="bbox 358 1130 1759 1187">
     <span class='ocr_line' id='line_1_25' title="bbox 358 1130 1759 1187; baseline -0.003 -11"><span class='ocrx_word' id='word_1_114' title='bbox 358 1134 518 1177; x_wconf 88' lang='lat' dir='ltr'>rettulit</span> <span class='ocrx_word' id='word_1_115' title='bbox 542 1134 735 1183; x_wconf 86' lang='lat' dir='ltr'>exitium,</span> <span class='ocrx_word' id='word_1_116' title='bbox 761 1131 903 1187; x_wconf 87' lang='lat' dir='ltr'>Satyri</span> <span class='ocrx_word' id='word_1_117' title='bbox 926 1132 1204 1174; x_wconf 81' lang='lat' dir='ltr'>reminiscitur</span> <span class='ocrx_word' id='word_1_118' title='bbox 1227 1131 1345 1181; x_wconf 86' lang='lat' dir='ltr'>alter,</span> <span class='ocrx_word' id='word_1_119' title='bbox 1755 1130 1759 1136; x_wconf 82' lang='grc'>’</span> 
     </span>
    </p>

    <p class='ocr_par' dir='ltr' id='par_1_25' title="bbox 359 1188 1380 1245">
     <span class='ocr_line' id='line_1_26' title="bbox 359 1188 1380 1245; baseline -0.003 -13"><span class='ocrx_word' id='word_1_120' title='bbox 359 1205 486 1245; x_wconf 90' lang='lat' dir='ltr'>quem</span> <span class='ocrx_word' id='word_1_121' title='bbox 509 1190 749 1232; x_wconf 82' lang='lat' dir='ltr'>Tritoniaca</span> <span class='ocrx_word' id='word_1_122' title='bbox 776 1189 940 1231; x_wconf 88' lang='lat' dir='ltr'>Latous</span> <span class='ocrx_word' id='word_1_123' title='bbox 964 1188 1198 1230; x_wconf 84' lang='lat' dir='ltr'>harundine</span> <span class='ocrx_word' id='word_1_124' title='bbox 1221 1188 1380 1229; x_wconf 88' lang='lat' dir='ltr'>victum</span> 
     </span>
    </p>

    <p class='ocr_par' dir='ltr' id='par_1_26' title="bbox 361 1242 1498 1302">
     <span class='ocr_line' id='line_1_27' title="bbox 361 1242 1498 1302; baseline -0.004 -13"><span class='ocrx_word' id='word_1_125' title='bbox 361 1247 502 1289; x_wconf 89' lang='lat' dir='ltr'>affecit</span> <span class='ocrx_word' id='word_1_126' title='bbox 523 1261 672 1302; x_wconf 86' lang='lat' dir='ltr'>poena.</span> <span class='ocrx_word' id='word_1_127' title='bbox 732 1245 854 1299; x_wconf 89' lang='lat' dir='ltr'>‘quid</span> <span class='ocrx_word' id='word_1_128' title='bbox 877 1260 944 1287; x_wconf 91' lang='lat' dir='ltr'>me</span> <span class='ocrx_word' id='word_1_129' title='bbox 967 1244 1069 1286; x_wconf 91' lang='lat' dir='ltr'>mihi</span> <span class='ocrx_word' id='word_1_130' title='bbox 1093 1243 1319 1287; x_wconf 81' lang='lat' dir='ltr'>detrahisP&#39;</span> <span class='ocrx_word' id='word_1_131' title='bbox 1343 1242 1498 1298; x_wconf 84' lang='lat' dir='ltr'>inquit:</span> 
     </span>
    </p>

    <p class='ocr_par' dir='ltr' id='par_1_27' title="bbox 361 1299 1425 1359">
     <span class='ocr_line' id='line_1_28' title="bbox 361 1299 1425 1359; baseline -0.004 -14"><span class='ocrx_word' id='word_1_132' title='bbox 361 1303 425 1345; x_wconf 80' lang='lat' dir='ltr'>‘al</span> <span class='ocrx_word' id='word_1_133' title='bbox 460 1303 591 1359; x_wconf 89' lang='lat' dir='ltr'>piget,</span> <span class='ocrx_word' id='word_1_134' title='bbox 617 1302 659 1344; x_wconf 80' lang='lat' dir='ltr'>al</span> <span class='ocrx_word' id='word_1_135' title='bbox 685 1316 769 1343; x_wconf 90' lang='lat' dir='ltr'>non</span> <span class='ocrx_word' id='word_1_136' title='bbox 793 1301 874 1343; x_wconf 85' lang='lat' dir='ltr'>est’</span> <span class='ocrx_word' id='word_1_137' title='bbox 900 1301 1110 1343; x_wconf 88' lang='lat' dir='ltr'>clamabat</span> <span class='ocrx_word' id='word_1_138' title='bbox 1135 1300 1257 1342; x_wconf 86' lang='lat' dir='ltr'>‘tibia</span> <span class='ocrx_word' id='word_1_139' title='bbox 1278 1299 1425 1342; x_wconf 83' lang='lat' dir='ltr'>tantil&#39;</span> 
     </span>
    </p>

    <p class='ocr_par' dir='ltr' id='par_1_28' title="bbox 360 1358 1420 1412">
     <span class='ocr_line' id='line_1_29' title="bbox 360 1358 1420 1412; baseline -0.003 -11"><span class='ocrx_word' id='word_1_140' title='bbox 360 1359 557 1402; x_wconf 89' lang='lat' dir='ltr'>clamanti</span> <span class='ocrx_word' id='word_1_141' title='bbox 580 1358 687 1400; x_wconf 91' lang='lat' dir='ltr'>cutis</span> <span class='ocrx_word' id='word_1_142' title='bbox 712 1365 775 1400; x_wconf 89' lang='lat' dir='ltr'>est</span> <span class='ocrx_word' id='word_1_143' title='bbox 799 1372 983 1399; x_wconf 91' lang='lat' dir='ltr'>summos</span> <span class='ocrx_word' id='word_1_144' title='bbox 1009 1358 1171 1412; x_wconf 90' lang='lat' dir='ltr'>direpta</span> <span class='ocrx_word' id='word_1_145' title='bbox 1194 1371 1269 1412; x_wconf 92' lang='lat' dir='ltr'>per</span> <span class='ocrx_word' id='word_1_146' title='bbox 1291 1363 1420 1405; x_wconf 88' lang='lat' dir='ltr'>artus,</span> 
     </span>
    </p>

    <p class='ocr_par' dir='ltr' id='par_1_29' title="bbox 360 1412 1738 1470">
     <span class='ocr_line' id='line_1_30' title="bbox 360 1412 1738 1470; baseline -0.004 -12"><span class='ocrx_word' id='word_1_147' title='bbox 360 1431 439 1458; x_wconf 91' lang='lat' dir='ltr'>nec</span> <span class='ocrx_word' id='word_1_148' title='bbox 464 1415 690 1470; x_wconf 88' lang='lat' dir='ltr'>quicquam</span> <span class='ocrx_word' id='word_1_149' title='bbox 713 1414 795 1456; x_wconf 89' lang='lat' dir='ltr'>nisi</span> <span class='ocrx_word' id='word_1_150' title='bbox 818 1414 971 1455; x_wconf 89' lang='lat' dir='ltr'>vulnus</span> <span class='ocrx_word' id='word_1_151' title='bbox 995 1420 1097 1456; x_wconf 89' lang='lat' dir='ltr'>erat.</span> <span class='ocrx_word' id='word_1_152' title='bbox 1157 1427 1279 1455; x_wconf 92' lang='lat' dir='ltr'>cruor</span> <span class='ocrx_word' id='word_1_153' title='bbox 1301 1412 1489 1466; x_wconf 89' lang='lat' dir='ltr'>undique</span> <span class='ocrx_word' id='word_1_154' title='bbox 1512 1416 1673 1461; x_wconf 86' lang='lat' dir='ltr'>manat,</span> <span class='ocrx_word' id='word_1_155' title='bbox 1734 1425 1738 1428; x_wconf 87' lang='grc'><em>·</em></span> 
     </span>
    </p>

    <p class='ocr_par' dir='ltr' id='par_1_30' title="bbox 362 1468 1446 1526">
     <span class='ocr_line' id='line_1_31' title="bbox 362 1468 1446 1526; baseline -0.003 -13"><span class='ocrx_word' id='word_1_156' title='bbox 362 1472 598 1525; x_wconf 88' lang='lat' dir='ltr'>detectique</span> <span class='ocrx_word' id='word_1_157' title='bbox 622 1478 766 1526; x_wconf 87' lang='lat' dir='ltr'>patent</span> <span class='ocrx_word' id='word_1_158' title='bbox 789 1471 926 1519; x_wconf 90' lang='lat' dir='ltr'>nervi,</span> <span class='ocrx_word' id='word_1_159' title='bbox 951 1469 1221 1525; x_wconf 88' lang='lat' dir='ltr'>trepidaeque</span> <span class='ocrx_word' id='word_1_160' title='bbox 1245 1468 1335 1511; x_wconf 89' lang='lat' dir='ltr'>sine</span> <span class='ocrx_word' id='word_1_161' title='bbox 1359 1468 1446 1510; x_wconf 86' lang='lat' dir='ltr'>ulla</span> 
     </span>
    </p>

    <p class='ocr_par' dir='ltr' id='par_1_31' title="bbox 361 1525 1422 1584">
     <span class='ocr_line' id='line_1_32' title="bbox 361 1525 1422 1584; baseline -0.003 -14"><span class='ocrx_word' id='word_1_162' title='bbox 361 1529 470 1584; x_wconf 87' lang='lat' dir='ltr'>pelle</span> <span class='ocrx_word' id='word_1_163' title='bbox 493 1528 650 1570; x_wconf 85' lang='lat' dir='ltr'>micant</span> <span class='ocrx_word' id='word_1_164' title='bbox 673 1542 819 1569; x_wconf 87' lang='lat' dir='ltr'>venae.</span> <span class='ocrx_word' id='word_1_165' title='bbox 879 1526 1069 1568; x_wconf 86' lang='lat' dir='ltr'>salientia</span> <span class='ocrx_word' id='word_1_166' title='bbox 1092 1525 1254 1568; x_wconf 90' lang='lat' dir='ltr'>viscera</span> <span class='ocrx_word' id='word_1_167' title='bbox 1276 1539 1422 1581; x_wconf 88' lang='lat' dir='ltr'>posses</span> 
     </span>
    </p>

    <p class='ocr_par' dir='ltr' id='par_1_32' title="bbox 362 1581 1359 1640">
     <span class='ocr_line' id='line_1_33' title="bbox 362 1581 1359 1640; baseline -0.003 -13"><span class='ocrx_word' id='word_1_168' title='bbox 362 1592 403 1627; x_wconf 88' lang='lat' dir='ltr'>et</span> <span class='ocrx_word' id='word_1_169' title='bbox 427 1585 690 1640; x_wconf 83' lang='lat' dir='ltr'>perlucentes</span> <span class='ocrx_word' id='word_1_170' title='bbox 714 1598 935 1625; x_wconf 84' lang='lat' dir='ltr'>numerare</span> <span class='ocrx_word' id='word_1_171' title='bbox 959 1583 1003 1624; x_wconf 89' lang='lat' dir='ltr'>in</span> <span class='ocrx_word' id='word_1_172' title='bbox 1027 1590 1195 1638; x_wconf 87' lang='lat' dir='ltr'>pectore</span> <span class='ocrx_word' id='word_1_173' title='bbox 1218 1581 1359 1624; x_wconf 84' lang='lat' dir='ltr'>fibras.</span> 
     </span>
    </p>

    <p class='ocr_par' dir='ltr' id='par_1_33' title="bbox 361 1638 1325 1690">
     <span class='ocr_line' id='line_1_34' title="bbox 361 1638 1325 1690; baseline -0.004 -8"><span class='ocrx_word' id='word_1_174' title='bbox 361 1642 480 1683; x_wconf 90' lang='lat' dir='ltr'>illum</span> <span class='ocrx_word' id='word_1_175' title='bbox 504 1641 728 1690; x_wconf 88' lang='lat' dir='ltr'>ruricolae,</span> <span class='ocrx_word' id='word_1_176' title='bbox 754 1640 953 1682; x_wconf 88' lang='lat' dir='ltr'>silvarum</span> <span class='ocrx_word' id='word_1_177' title='bbox 976 1639 1163 1689; x_wconf 89' lang='lat' dir='ltr'>numina,</span> <span class='ocrx_word' id='word_1_178' title='bbox 1187 1638 1325 1679; x_wconf 86' lang='lat' dir='ltr'>Fauni</span> 
     </span>
    </p>

    <p class='ocr_par' dir='ltr' id='par_1_34' title="bbox 362 1693 1507 1752">
     <span class='ocr_line' id='line_1_35' title="bbox 362 1693 1507 1752; baseline -0.003 -13"><span class='ocrx_word' id='word_1_179' title='bbox 362 1705 404 1739; x_wconf 90' lang='lat' dir='ltr'>et</span> <span class='ocrx_word' id='word_1_180' title='bbox 429 1697 570 1752; x_wconf 87' lang='lat' dir='ltr'>Satyri</span> <span class='ocrx_word' id='word_1_181' title='bbox 593 1697 743 1739; x_wconf 88' lang='lat' dir='ltr'>fratres</span> <span class='ocrx_word' id='word_1_182' title='bbox 767 1703 809 1738; x_wconf 91' lang='lat' dir='ltr'>et</span> <span class='ocrx_word' id='word_1_183' title='bbox 831 1703 932 1738; x_wconf 90' lang='lat' dir='ltr'>tunc</span> <span class='ocrx_word' id='word_1_184' title='bbox 956 1710 1124 1750; x_wconf 91' lang='lat' dir='ltr'>quoque</span> <span class='ocrx_word' id='word_1_185' title='bbox 1148 1709 1270 1737; x_wconf 88' lang='lat' dir='ltr'>carus</span> <span class='ocrx_word' id='word_1_186' title='bbox 1295 1693 1507 1750; x_wconf 81' lang='lat' dir='ltr'>Olympus</span> 
     </span>
    </p>

    <p class='ocr_par' dir='ltr' id='par_1_35' title="bbox 363 1750 1455 1809">
     <span class='ocr_line' id='line_1_36' title="bbox 363 1750 1455 1809; baseline -0.003 -14"><span class='ocrx_word' id='word_1_187' title='bbox 363 1761 405 1796; x_wconf 91' lang='lat' dir='ltr'>et</span> <span class='ocrx_word' id='word_1_188' title='bbox 427 1753 639 1809; x_wconf 86' lang='lat' dir='ltr'>nymphae</span> <span class='ocrx_word' id='word_1_189' title='bbox 662 1753 834 1802; x_wconf 90' lang='lat' dir='ltr'>flerunt,</span> <span class='ocrx_word' id='word_1_190' title='bbox 859 1759 901 1794; x_wconf 90' lang='lat' dir='ltr'>et</span> <span class='ocrx_word' id='word_1_191' title='bbox 925 1751 1114 1806; x_wconf 85' lang='lat' dir='ltr'>quisquis</span> <span class='ocrx_word' id='word_1_192' title='bbox 1138 1750 1351 1793; x_wconf 88' lang='lat' dir='ltr'>montibus</span> <span class='ocrx_word' id='word_1_193' title='bbox 1373 1750 1455 1792; x_wconf 88' lang='lat' dir='ltr'>illis</span> 
     </span>
    </p>

    <p class='ocr_par' dir='ltr' id='par_1_36' title="bbox 362 1806 1460 1865">
     <span class='ocr_line' id='line_1_37' title="bbox 362 1806 1460 1865; baseline -0.004 -13"><span class='ocrx_word' id='word_1_194' title='bbox 362 1810 657 1865; x_wconf 81' lang='lat' dir='ltr'>lanigerosque</span> <span class='ocrx_word' id='word_1_195' title='bbox 681 1823 831 1864; x_wconf 87' lang='lat' dir='ltr'>greges</span> <span class='ocrx_word' id='word_1_196' title='bbox 856 1816 1128 1862; x_wconf 85' lang='lat' dir='ltr'>armentaque</span> <span class='ocrx_word' id='word_1_197' title='bbox 1153 1807 1309 1849; x_wconf 85' lang='lat' dir='ltr'>bucera</span> <span class='ocrx_word' id='word_1_198' title='bbox 1331 1806 1460 1862; x_wconf 89' lang='lat' dir='ltr'>pavit.</span> 
     </span>
    </p>

    <p class='ocr_par' dir='ltr' id='par_1_37' title="bbox 363 1863 1442 1918">
     <span class='ocr_line' id='line_1_38' title="bbox 363 1863 1442 1918; baseline -0.003 -10"><span class='ocrx_word' id='word_1_199' title='bbox 363 1866 513 1909; x_wconf 86' lang='lat' dir='ltr'>fertilis</span> <span class='ocrx_word' id='word_1_200' title='bbox 537 1865 758 1907; x_wconf 88' lang='lat' dir='ltr'>immaduit</span> <span class='ocrx_word' id='word_1_201' title='bbox 780 1864 1101 1918; x_wconf 86' lang='lat' dir='ltr'>madefactaque</span> <span class='ocrx_word' id='word_1_202' title='bbox 1125 1870 1236 1906; x_wconf 86' lang='lat' dir='ltr'>terra</span> <span class='ocrx_word' id='word_1_203' title='bbox 1260 1863 1442 1906; x_wconf 86' lang='lat' dir='ltr'>caducas</span> 
     </span>
    </p>

    <p class='ocr_par' dir='ltr' id='par_1_38' title="bbox 363 1919 1321 1977">
     <span class='ocr_line' id='line_1_39' title="bbox 363 1919 1321 1977; baseline -0.003 -13"><span class='ocrx_word' id='word_1_204' title='bbox 363 1922 554 1977; x_wconf 88' lang='lat' dir='ltr'>concepit</span> <span class='ocrx_word' id='word_1_205' title='bbox 576 1922 768 1964; x_wconf 85' lang='lat' dir='ltr'>lacrimas</span> <span class='ocrx_word' id='word_1_206' title='bbox 794 1935 842 1963; x_wconf 88' lang='lat' dir='ltr'>ac</span> <span class='ocrx_word' id='word_1_207' title='bbox 866 1921 984 1963; x_wconf 89' lang='lat' dir='ltr'>venis</span> <span class='ocrx_word' id='word_1_208' title='bbox 1008 1920 1190 1976; x_wconf 89' lang='lat' dir='ltr'>perbibit</span> <span class='ocrx_word' id='word_1_209' title='bbox 1212 1919 1321 1962; x_wconf 89' lang='lat' dir='ltr'>imis.</span> 
     </span>
    </p>

    <p class='ocr_par' dir='ltr' id='par_1_39' title="bbox 363 1976 1461 2033">
     <span class='ocr_line' id='line_1_40' title="bbox 363 1976 1461 2033; baseline -0.004 -12"><span class='ocrx_word' id='word_1_210' title='bbox 363 1993 469 2033; x_wconf 89' lang='lat' dir='ltr'>quas</span> <span class='ocrx_word' id='word_1_211' title='bbox 494 1978 568 2020; x_wconf 91' lang='lat' dir='ltr'>ubi</span> <span class='ocrx_word' id='word_1_212' title='bbox 590 1978 691 2020; x_wconf 89' lang='lat' dir='ltr'>fecit</span> <span class='ocrx_word' id='word_1_213' title='bbox 715 1992 889 2031; x_wconf 85' lang='lat' dir='ltr'>aquam,</span> <span class='ocrx_word' id='word_1_214' title='bbox 914 1992 1071 2019; x_wconf 87' lang='lat' dir='ltr'>vacuas</span> <span class='ocrx_word' id='word_1_215' title='bbox 1095 1976 1233 2019; x_wconf 89' lang='lat' dir='ltr'>emisit</span> <span class='ocrx_word' id='word_1_216' title='bbox 1254 1976 1299 2018; x_wconf 92' lang='lat' dir='ltr'>in</span> <span class='ocrx_word' id='word_1_217' title='bbox 1323 1989 1461 2018; x_wconf 87' lang='lat' dir='ltr'>auras.</span> 
     </span>
    </p>

    <p class='ocr_par' dir='ltr' id='par_1_40' title="bbox 362 2033 1414 2090">
     <span class='ocr_line' id='line_1_41' title="bbox 362 2033 1414 2090; baseline -0.003 -13"><span class='ocrx_word' id='word_1_218' title='bbox 362 2035 461 2077; x_wconf 92' lang='lat' dir='ltr'>inde</span> <span class='ocrx_word' id='word_1_219' title='bbox 484 2042 632 2090; x_wconf 89' lang='lat' dir='ltr'>petens</span> <span class='ocrx_word' id='word_1_220' title='bbox 656 2034 851 2089; x_wconf 88' lang='lat' dir='ltr'>rapidum</span> <span class='ocrx_word' id='word_1_221' title='bbox 874 2033 909 2075; x_wconf 91' lang='lat' dir='ltr'>ri</span> <span class='ocrx_word' id='word_1_222' title='bbox 939 2033 975 2075; x_wconf 89' lang='lat' dir='ltr'>is</span> <span class='ocrx_word' id='word_1_223' title='bbox 1000 2033 1231 2075; x_wconf 87' lang='lat' dir='ltr'>declivibus</span> <span class='ocrx_word' id='word_1_224' title='bbox 1256 2046 1414 2086; x_wconf 90' lang='lat' dir='ltr'>aequor</span> 
     </span>
    </p>

    <p class='ocr_par' dir='ltr' id='par_1_41' title="bbox 364 2087 1723 2202">
     <span class='ocr_line' id='line_1_42' title="bbox 364 2087 1624 2146; baseline -0.003 -13"><span class='ocrx_word' id='word_1_225' title='bbox 364 2091 542 2146; x_wconf 84' lang='lat' dir='ltr'>Marsya</span> <span class='ocrx_word' id='word_1_226' title='bbox 564 2105 718 2132; x_wconf 90' lang='lat' dir='ltr'>nomen</span> <span class='ocrx_word' id='word_1_227' title='bbox 741 2090 887 2140; x_wconf 85' lang='lat' dir='ltr'>habet,</span> <span class='ocrx_word' id='word_1_228' title='bbox 952 2090 1126 2145; x_wconf 86' lang='lat' dir='ltr'>hrygiae</span> <span class='ocrx_word' id='word_1_229' title='bbox 1149 2088 1452 2144; x_wconf 85' lang='lat' dir='ltr'>liquidissimus</span> <span class='ocrx_word' id='word_1_230' title='bbox 1477 2087 1624 2130; x_wconf 84' lang='lat' dir='ltr'>amnis.</span> 
     </span>
     <span class='ocr_line' id='line_1_43' title="bbox 423 2144 1723 2202; baseline -0.002 -13"><span class='ocrx_word' id='word_1_231' title='bbox 423 2147 599 2189; x_wconf 84' lang='lat' dir='ltr'>Talibus</span> <span class='ocrx_word' id='word_1_232' title='bbox 625 2147 834 2202; x_wconf 86' lang='lat' dir='ltr'>extemplo</span> <span class='ocrx_word' id='word_1_233' title='bbox 857 2146 965 2188; x_wconf 90' lang='lat' dir='ltr'>redit</span> <span class='ocrx_word' id='word_1_234' title='bbox 990 2146 1044 2187; x_wconf 90' lang='lat' dir='ltr'>ad</span> <span class='ocrx_word' id='word_1_235' title='bbox 1067 2145 1304 2201; x_wconf 89' lang='lat' dir='ltr'>praesentia</span> <span class='ocrx_word' id='word_1_236' title='bbox 1328 2144 1448 2186; x_wconf 88' lang='lat' dir='ltr'>dictis</span> <span class='ocrx_word' id='word_1_237' title='bbox 1583 2153 1723 2198; x_wconf 69' lang='lat' dir='ltr'>Pelops.</span> 
     </span>
    </p>

    <p class='ocr_par' dir='ltr' id='par_1_42' title="bbox 363 2201 1707 2259">
     <span class='ocr_line' id='line_1_44' title="bbox 363 2201 1707 2259; baseline -0.003 -14"><span class='ocrx_word' id='word_1_238' title='bbox 363 2204 516 2259; x_wconf 88' lang='lat' dir='ltr'>vulgus</span> <span class='ocrx_word' id='word_1_239' title='bbox 541 2211 583 2245; x_wconf 89' lang='lat' dir='ltr'>et</span> <span class='ocrx_word' id='word_1_240' title='bbox 607 2203 836 2245; x_wconf 88' lang='lat' dir='ltr'>extinctum</span> <span class='ocrx_word' id='word_1_241' title='bbox 860 2217 956 2245; x_wconf 90' lang='lat' dir='ltr'>cum</span> <span class='ocrx_word' id='word_1_242' title='bbox 981 2202 1109 2258; x_wconf 90' lang='lat' dir='ltr'>stirpe</span> <span class='ocrx_word' id='word_1_243' title='bbox 1132 2201 1377 2257; x_wconf 87' lang='lat' dir='ltr'>Amphiona</span> <span class='ocrx_word' id='word_1_244' title='bbox 1399 2201 1530 2256; x_wconf 87' lang='lat' dir='ltr'>luget.</span> <span class='ocrx_word' id='word_1_245' title='bbox 1695 2216 1707 2227; x_wconf 85' lang='lat'><strong><em>¹</em></strong></span> 
     </span>
    </p>

    <p class='ocr_par' dir='ltr' id='par_1_43' title="bbox 365 2257 1637 2312">
     <span class='ocr_line' id='line_1_45' title="bbox 365 2257 1637 2312; baseline -0.003 -10"><span class='ocrx_word' id='word_1_246' title='bbox 365 2268 500 2302; x_wconf 89' lang='lat' dir='ltr'>mater</span> <span class='ocrx_word' id='word_1_247' title='bbox 522 2260 566 2301; x_wconf 89' lang='lat' dir='ltr'>in</span> <span class='ocrx_word' id='word_1_248' title='bbox 589 2259 747 2302; x_wconf 90' lang='lat' dir='ltr'>invidia</span> <span class='ocrx_word' id='word_1_249' title='bbox 771 2266 846 2302; x_wconf 89' lang='lat' dir='ltr'>est.</span> <span class='ocrx_word' id='word_1_250' title='bbox 904 2258 1014 2301; x_wconf 90' lang='lat' dir='ltr'>hanc</span> <span class='ocrx_word' id='word_1_251' title='bbox 1038 2266 1139 2301; x_wconf 89' lang='lat' dir='ltr'>tunc</span> <span class='ocrx_word' id='word_1_252' title='bbox 1161 2272 1330 2312; x_wconf 90' lang='lat' dir='ltr'>quoque</span> <span class='ocrx_word' id='word_1_253' title='bbox 1354 2257 1505 2300; x_wconf 87' lang='lat' dir='ltr'>dicitur</span> <span class='ocrx_word' id='word_1_254' title='bbox 1527 2271 1637 2298; x_wconf 90' lang='lat' dir='ltr'>unus</span> 
     </span>
    </p>

    <p class='ocr_par' dir='ltr' id='par_1_44' title="bbox 363 2315 1571 2371">
     <span class='ocr_line' id='line_1_46' title="bbox 363 2315 1571 2371; baseline -0.002 -13"><span class='ocrx_word' id='word_1_255' title='bbox 363 2317 486 2360; x_wconf 88' lang='lat' dir='ltr'>flesse</span> <span class='ocrx_word' id='word_1_256' title='bbox 509 2315 687 2371; x_wconf 89' lang='lat' dir='ltr'>Pelops,</span> <span class='ocrx_word' id='word_1_257' title='bbox 712 2330 960 2370; x_wconf 90' lang='lat' dir='ltr'>umeroque,</span> <span class='ocrx_word' id='word_1_258' title='bbox 986 2329 1082 2357; x_wconf 88' lang='lat' dir='ltr'>suas</span> <span class='ocrx_word' id='word_1_259' title='bbox 1107 2330 1133 2357; x_wconf 91' lang='lat' dir='ltr'>a</span> <span class='ocrx_word' id='word_1_260' title='bbox 1155 2322 1324 2370; x_wconf 89' lang='lat' dir='ltr'>pectore</span> <span class='ocrx_word' id='word_1_261' title='bbox 1347 2320 1571 2369; x_wconf 84' lang='lat' dir='ltr'>postquam</span> 
     </span>
    </p>

    <p class='ocr_par' dir='ltr' id='par_1_45' title="bbox 365 2371 1307 2422">
     <span class='ocr_line' id='line_1_47' title="bbox 365 2371 1307 2422; baseline -0.002 -8"><span class='ocrx_word' id='word_1_262' title='bbox 365 2373 539 2416; x_wconf 85' lang='lat' dir='ltr'>deduxit</span> <span class='ocrx_word' id='word_1_263' title='bbox 562 2380 720 2422; x_wconf 88' lang='lat' dir='ltr'>vestes,</span> <span class='ocrx_word' id='word_1_264' title='bbox 746 2372 850 2414; x_wconf 92' lang='lat' dir='ltr'>ebur</span> <span class='ocrx_word' id='word_1_265' title='bbox 873 2372 1104 2414; x_wconf 90' lang='lat' dir='ltr'>ostendisse</span> <span class='ocrx_word' id='word_1_266' title='bbox 1128 2371 1307 2413; x_wconf 87' lang='lat' dir='ltr'>sinistro.</span> 
     </span>
    </p>

    <p class='ocr_par' dir='ltr' id='par_1_46' title="bbox 365 2426 1446 2483">
     <span class='ocr_line' id='line_1_48' title="bbox 365 2426 1446 2483; baseline -0.003 -12"><span class='ocrx_word' id='word_1_267' title='bbox 365 2430 559 2472; x_wconf 91' lang='lat' dir='ltr'>concolor</span> <span class='ocrx_word' id='word_1_268' title='bbox 582 2429 650 2470; x_wconf 91' lang='lat' dir='ltr'>hic</span> <span class='ocrx_word' id='word_1_269' title='bbox 673 2443 843 2471; x_wconf 89' lang='lat' dir='ltr'>umerus</span> <span class='ocrx_word' id='word_1_270' title='bbox 866 2428 1065 2470; x_wconf 88' lang='lat' dir='ltr'>nascendi</span> <span class='ocrx_word' id='word_1_271' title='bbox 1089 2435 1274 2483; x_wconf 89' lang='lat' dir='ltr'>tempore</span> <span class='ocrx_word' id='word_1_272' title='bbox 1299 2426 1446 2469; x_wconf 88' lang='lat' dir='ltr'>dextro</span> 
     </span>
    </p>

    <p class='ocr_par' dir='ltr' id='par_1_47' title="bbox 365 2481 1519 2541">
     <span class='ocr_line' id='line_1_49' title="bbox 365 2481 1519 2541; baseline -0.003 -14"><span class='ocrx_word' id='word_1_273' title='bbox 365 2499 672 2541; x_wconf 90' lang='lat' dir='ltr'>corporeusque</span> <span class='ocrx_word' id='word_1_274' title='bbox 696 2485 790 2527; x_wconf 85' lang='lat' dir='ltr'>fuit.</span> <span class='ocrx_word' id='word_1_275' title='bbox 848 2485 1043 2527; x_wconf 87' lang='lat' dir='ltr'>manibus</span> <span class='ocrx_word' id='word_1_276' title='bbox 1068 2499 1165 2526; x_wconf 90' lang='lat' dir='ltr'>mox</span> <span class='ocrx_word' id='word_1_277' title='bbox 1190 2498 1313 2526; x_wconf 90' lang='lat' dir='ltr'>caesa</span> <span class='ocrx_word' id='word_1_278' title='bbox 1335 2481 1519 2539; x_wconf 87' lang='lat' dir='ltr'>paternis</span> 
     </span>
    </p>

    <p class='ocr_par' dir='ltr' id='par_1_48' title="bbox 363 2538 1511 2595">
     <span class='ocr_line' id='line_1_50' title="bbox 363 2538 1511 2595; baseline -0.002 -12"><span class='ocrx_word' id='word_1_279' title='bbox 363 2542 554 2584; x_wconf 89' lang='lat' dir='ltr'>membra</span> <span class='ocrx_word' id='word_1_280' title='bbox 577 2542 718 2584; x_wconf 89' lang='lat' dir='ltr'>ferunt</span> <span class='ocrx_word' id='word_1_281' title='bbox 740 2541 926 2583; x_wconf 87' lang='lat' dir='ltr'>iunxisse</span> <span class='ocrx_word' id='word_1_282' title='bbox 951 2541 1065 2584; x_wconf 80' lang='lat' dir='ltr'>deos.</span> <span class='ocrx_word' id='word_1_283' title='bbox 1124 2540 1300 2594; x_wconf 90' lang='lat' dir='ltr'>aliisque</span> <span class='ocrx_word' id='word_1_284' title='bbox 1322 2538 1511 2595; x_wconf 86' lang='lat' dir='ltr'>repertis,</span> 
     </span>
    </p>

    <p class='ocr_par' dir='ltr' id='par_1_49' title="bbox 365 2595 1451 2653">
     <span class='ocr_line' id='line_1_51' title="bbox 365 2595 1451 2653; baseline -0.003 -13"><span class='ocrx_word' id='word_1_285' title='bbox 365 2599 438 2653; x_wconf 89' lang='lat' dir='ltr'>qui</span> <span class='ocrx_word' id='word_1_286' title='bbox 461 2599 578 2640; x_wconf 92' lang='lat' dir='ltr'>locus</span> <span class='ocrx_word' id='word_1_287' title='bbox 603 2605 666 2640; x_wconf 89' lang='lat' dir='ltr'>est</span> <span class='ocrx_word' id='word_1_288' title='bbox 687 2597 823 2653; x_wconf 90' lang='lat' dir='ltr'>iuguli</span> <span class='ocrx_word' id='word_1_289' title='bbox 845 2597 1009 2640; x_wconf 88' lang='lat' dir='ltr'>medius</span> <span class='ocrx_word' id='word_1_290' title='bbox 1034 2597 1269 2651; x_wconf 90' lang='lat' dir='ltr'>summique</span> <span class='ocrx_word' id='word_1_291' title='bbox 1291 2595 1451 2646; x_wconf 88' lang='lat' dir='ltr'>lacerti,</span> 
     </span>
    </p>

    <p class='ocr_par' dir='ltr' id='par_1_50' title="bbox 367 2651 1531 2709">
     <span class='ocr_line' id='line_1_52' title="bbox 367 2651 1531 2709; baseline -0.003 -13"><span class='ocrx_word' id='word_1_292' title='bbox 367 2654 514 2697; x_wconf 87' lang='lat' dir='ltr'>defuit.</span> <span class='ocrx_word' id='word_1_293' title='bbox 573 2654 815 2709; x_wconf 88' lang='lat' dir='ltr'>impositum</span> <span class='ocrx_word' id='word_1_294' title='bbox 839 2662 902 2697; x_wconf 89' lang='lat' dir='ltr'>est</span> <span class='ocrx_word' id='word_1_295' title='bbox 925 2668 1009 2696; x_wconf 91' lang='lat' dir='ltr'>non</span> <span class='ocrx_word' id='word_1_296' title='bbox 1034 2651 1313 2709; x_wconf 89' lang='lat' dir='ltr'>comparentis</span> <span class='ocrx_word' id='word_1_297' title='bbox 1337 2651 1381 2693; x_wconf 92' lang='lat' dir='ltr'>in</span> <span class='ocrx_word' id='word_1_298' title='bbox 1403 2665 1531 2693; x_wconf 89' lang='lat' dir='ltr'>usum</span> 
     </span>
    </p>

    <p class='ocr_par' dir='ltr' id='par_1_51' title="bbox 365 2708 1734 2823">
     <span class='ocr_line' id='line_1_53' title="bbox 365 2708 1725 2772; baseline -0.001 -21"><span class='ocrx_word' id='word_1_299' title='bbox 365 2711 494 2767; x_wconf 86' lang='lat' dir='ltr'>partis</span> <span class='ocrx_word' id='word_1_300' title='bbox 519 2710 635 2759; x_wconf 90' lang='lat' dir='ltr'>ebur,</span> <span class='ocrx_word' id='word_1_301' title='bbox 661 2710 856 2765; x_wconf 86' lang='lat' dir='ltr'>factoque</span> <span class='ocrx_word' id='word_1_302' title='bbox 879 2710 1036 2766; x_wconf 89' lang='lat' dir='ltr'>Pelops</span> <span class='ocrx_word' id='word_1_303' title='bbox 1059 2710 1140 2752; x_wconf 84' lang='lat' dir='ltr'>fuit</span> <span class='ocrx_word' id='word_1_304' title='bbox 1162 2709 1325 2765; x_wconf 87' lang='lat' dir='ltr'>integer</span> <span class='ocrx_word' id='word_1_305' title='bbox 1347 2708 1432 2750; x_wconf 89' lang='lat' dir='ltr'>illo.</span> <span class='ocrx_word' id='word_1_306' title='bbox 1537 2729 1725 2772; x_wconf 58' lang='lat' dir='ltr'><strong><em>Pmyneet</em></strong></span> 
     </span>
     <span class='ocr_line' id='line_1_54' title="bbox 420 2765 1734 2823; baseline -0.002 -14"><span class='ocrx_word' id='word_1_307' title='bbox 420 2765 608 2809; x_wconf 85' lang='lat' dir='ltr'>Finitimi</span> <span class='ocrx_word' id='word_1_308' title='bbox 621 2781 814 2822; x_wconf 84' lang='lat' dir='ltr'>proceres</span> <span class='ocrx_word' id='word_1_309' title='bbox 828 2770 992 2819; x_wconf 81' lang='lat' dir='ltr'>coe&#39;unt,</span> <span class='ocrx_word' id='word_1_310' title='bbox 1005 2766 1215 2822; x_wconf 88' lang='lat' dir='ltr'>urbesque</span> <span class='ocrx_word' id='word_1_311' title='bbox 1229 2765 1490 2823; x_wconf 83' lang='lat' dir='ltr'>propinquae</span> <span class='ocrx_word' id='word_1_312' title='bbox 1521 2772 1734 2809; x_wconf 73' lang='lat' dir='ltr'>Philomela.-</span> 
     </span>
    </p>
   </div>
   <div class='ocr_carea' id='block_1_12' title="bbox 1695 0 1774 299">
    <p class='ocr_par' dir='ltr' id='par_1_52' title="bbox 1695 0 1774 299">
     <span class='ocr_line' id='line_1_55' title="bbox 1695 0 1774 299; baseline 0 2957"><span class='ocrx_word' id='word_1_313' title='bbox 1695 0 1774 299; x_wconf 95' lang='lat' dir='ltr'> </span> 
     </span>
    </p>
   </div>
   <div class='ocr_carea' id='block_1_13' title="bbox 1370 341 1429 384">
    <p class='ocr_par' dir='ltr' id='par_1_53' title="bbox 1370 341 1429 384">
     <span class='ocr_line' id='line_1_56' title="bbox 1370 341 1429 384; baseline 0 -23"><span class='ocrx_word' id='word_1_314' title='bbox 1370 341 1380 384; x_wconf 72' lang='lat'>1</span> <span class='ocrx_word' id='word_1_315' title='bbox 1389 341 1429 361; x_wconf 59' lang='grc' dir='ltr'>’θ’</span> 
     </span>
    </p>
   </div>
  </div>
 </body>
</html>
