1786 3242
344 272 429 315 262
790 278 834 314 Ρ.
859 278 1025 315 OVIDII
1048 277 1263 317 NASONIS

343 360 542 416 quodque
566 359 701 415 magis
720 359 874 401 mirum
898 366 974 410 est,
999 366 1108 409 sunt,
1132 360 1206 415 qui
1229 373 1315 402 non
1334 375 1509 418 corpora
1526 369 1703 413 tantum,

343 431 490 460 verum
515 416 675 458 animos
699 415 826 458 etiam
850 415 1019 458 valeant
1042 423 1223 466 mutare,
1246 416 1443 472 liquores.

343 472 412 516 cui
435 486 519 514 non
543 472 688 514 audita
711 478 775 514 est
798 471 1004 514 obscenae
1030 470 1236 515 Salmacis
1259 474 1399 516 undae

254 543 320 574 320
345 527 662 583 Aethiopesque
685 527 829 570 lacus?
863 541 969 582 quos
994 528 1028 570 si
1052 528 1146 582 quis
1170 529 1364 571 faucibus
1388 529 1540 582 hausit,

344 591 417 627 aut
440 584 560 633 furit,
586 591 658 626 aut
681 584 838 639 patitur
860 584 1012 626 mirum
1067 585 1242 627 ravitate
1267 599 1471 641 soporem.

344 639 520 683 Clitorio
545 640 799 694 quicumque
823 639 934 682 sitim
960 641 1011 682 de
1054 648 1151 683 onte
1175 639 1335 692 levarit,

342 696 441 739 vina
463 696 574 752 fugit
597 696 838 752 gaudetque
862 696 988 738 meris
1012 696 1240 739 abstemius
1263 697 1408 740 undis:

343 767 418 795 seu
441 752 504 794 vis
530 760 593 795 est
615 753 659 794 in
684 766 796 806 aqua
819 752 954 795 calido
979 753 1185 794 contraria
1208 753 1319 804 vino,

253 824 319 856 325
345 809 452 859 sive,
476 808 590 863 quod
612 808 835 874 indigenae
859 816 1110 859 memorant,
1135 809 1406 865 Amythaone
1428 818 1566 862 natus,

342 864 565 907 Proetidas
590 871 786 907 attonitas
811 872 1034 920 postquam
1057 880 1133 920 per
1157 880 1325 908 carmen
1349 873 1392 909 et
1414 866 1567 910 herbas

343 921 496 977 eripuit
518 921 657 971 furiis,
682 921 934 976 purgamina
956 921 1105 963 mentis
1131 921 1174 963 in
1197 922 1289 964 illas

342 977 456 1019 misit
481 991 631 1031 aquas,
657 977 884 1031 odiumque
907 978 1011 1019 meri
1036 978 1265 1032 permansit
1286 978 1332 1020 in
1354 979 1492 1022 undis.

342 1033 440 1075 huic
463 1033 555 1075 fluit
578 1033 732 1075 effectu
756 1033 898 1088 dispar
921 1033 1174 1088 Lyncestius
1199 1035 1347 1085 amnis,

253 1104 319 1136 330
342 1103 469 1144 quem
493 1089 748 1144 quicumque
771 1104 921 1145 parum
945 1090 1160 1132 moderato
1183 1098 1354 1146 gutture
1377 1091 1518 1142 traxit,

342 1145 457 1188 haud
481 1145 600 1187 aliter
622 1145 793 1196 titubat,
817 1159 945 1199 quam
969 1146 1003 1187 si
1027 1160 1143 1188 mera
1166 1146 1265 1189 vina
1288 1147 1474 1190 bibisset.

343 1208 405 1244 est
428 1201 546 1244 lacus
569 1201 780 1243 Arcadiae
803 1200 1027 1255 (Pheneon
1051 1202 1194 1245 dixere
1217 1203 1397 1258 priores)

343 1257 552 1313 ambiguis
578 1265 795 1313 suspectus
820 1257 959 1312 aquis,
984 1272 1089 1312 quas
1113 1265 1235 1301 nocte
1258 1259 1403 1302 timeto
1411 1275 1423 1310 3

343 1320 466 1356 nocte
489 1321 642 1355 nocent
665 1320 806 1368 potae:
832 1313 921 1356 sine
944 1328 1057 1356 noxa
1079 1314 1173 1357 luce
1196 1314 1410 1358 bibuntur.

252 1384 318 1415 335
343 1370 402 1412 sic
426 1369 528 1411 alias
552 1370 738 1424 aliasque
761 1370 878 1411 lacus
902 1376 944 1412 et
965 1370 1140 1412 fiumina
1163 1371 1272 1413 vires

343 1425 596 1481 concipiunt..
655 1432 906 1481 tempusque
930 1425 1029 1476 fuit,
1055 1440 1139 1480 quo
1162 1427 1280 1469 navit
1301 1427 1347 1469 in
1369 1428 1513 1470 undis:

341 1496 455 1524 nunc
479 1481 596 1524 sedet
620 1480 813 1537 Ortygie.
871 1481 1011 1523 timuit
1034 1482 1307 1526 concursibus
1331 1483 1452 1540 Argo

342 1537 551 1580 undarum
576 1552 741 1593 sparsas
756 1537 1077 1594 'Symplegadas
1102 1538 1312 1589 elisarum,

343 1608 452 1649 quae
475 1608 588 1636 nunc
610 1594 808 1636 immotae
831 1601 1020 1649 perstant
1043 1595 1263 1649 ventisque
1286 1595 1496 1638 resistunt.

253 1665 319 1696 340
342 1664 421 1692 nec
444 1663 553 1704 quae
577 1650 813 1705 sulphureis
838 1650 956 1693 ardet
978 1650 1239 1701 fornacibus,
1263 1652 1406 1694 Aetna

340 1707 466 1762 ignea
490 1721 655 1762 semper
678 1706 774 1748 erit:
799 1720 935 1760 neque
960 1707 1070 1749 enim
1095 1706 1176 1749 fuit
1198 1707 1324 1763 ignea
1347 1722 1524 1764 semper.

341 1778 440 1804 nam
465 1762 552 1805 sive
577 1770 641 1805 est
663 1763 817 1804 animal
841 1762 965 1804 tellus
989 1770 1030 1805 et
1053 1763 1157 1805 vivit
1179 1763 1391 1818 habetque

342 1819 596 1874 spiramenta
618 1818 720 1860 locis
743 1819 958 1860 flammam
981 1819 1191 1861 exalantia
1214 1820 1377 1862 multis:

343 1874 528 1930 spirandi
552 1882 714 1916 mutare
738 1874 846 1924 vias,
872 1874 1148 1929 quotiensque
1173 1883 1376 1926 movetur,

252 1946 317 1976 345
343 1931 418 1972 has
441 1930 561 1972 finire
584 1938 739 1996 potest,
763 1931 855 1972 illas
879 1931 1040 1986 aperire
1065 1945 1285 1981 cavernas3

342 1987 430 2029 sive
453 1987 567 2029 leves
590 1986 684 2028 imis
709 1987 823 2028 venti
846 1987 1093 2029 cohibentur
1114 1987 1160 2029 in
1183 1988 1325 2038 antris,

342 2057 528 2097 saxaque
553 2057 649 2084 cum
674 2043 785 2084 saxis
810 2050 851 2086 et
874 2043 1098 2086 habentem
1124 2044 1285 2086 semina
1306 2044 1501 2087 flammae

340 2099 558 2141 materiem
581 2099 757 2148 iactant,
782 2114 832 2141 ea
856 2100 974 2141 conci
1006 2099 1038 2141 it
1061 2099 1212 2142 ictibus
1235 2099 1397 2155 ignem:

342 2163 461 2196 antra
483 2155 770 2208 relinquentur
793 2155 947 2197 sedatis
990 2155 1126 2211 rigida
1149 2156 1303 2206 ventis3

252 2225 318 2257 350
342 2211 429 2253 sive
453 2211 708 2253 bitumineae
731 2211 902 2266 rapiunt
925 2212 1119 2253 incendia
1147 2212 1270 2262 vires,

340 2268 507 2309 luteave
531 2267 694 2322 exiguis
719 2267 943 2310 ardescunt
967 2268 1169 2323 sulphura
1191 2267 1337 2310 fumis:

339 2338 491 2379 nempe
514 2323 588 2365 ubi
612 2331 723 2366 terra
746 2323 860 2365 cibos
885 2323 1165 2378 alimentaque
1188 2324 1579 2380 pinguia‘flammae

339 2394 423 2422 non
448 2379 564 2421 dabit
589 2379 821 2435 absumptis
844 2395 920 2435 per
942 2380 1116 2435 longum
1140 2380 1299 2422 viribus
1324 2395 1487 2431 aevum,

339 2444 598 2490 naturaeque
623 2451 746 2477 suum
768 2435 983 2488 nutrimen
1003 2436 1135 2478 deerit
1158 2436 1290 2486 edaci,

250 2505 315 2537 355
339 2506 424 2533 non
448 2492 554 2534 feret
577 2492 648 2533 illa
671 2492 827 2534 famem
853 2492 1100 2546 desertaque
1123 2492 1287 2535 deseret
1308 2492 1442 2548 ignes·

340 2563 431 2591 esse
455 2548 566 2589 viros
590 2548 705 2590 fama
729 2555 792 2590 est
814 2548 858 2589 in
881 2548 1160 2604 Hyperborea
1181 2548 1369 2598 Pallene,

340 2604 413 2659 qui
437 2604 598 2646 soleant
620 2604 784 2646 levibus
809 2604 939 2646 velari
964 2618 1139 2659 corpora
1161 2605 1328 2659 plumis,

341 2674 438 2702 cum
461 2660 746 2703 Tritoniacam
769 2660 913 2702 novies
937 2660 1104 2702 subiere
1128 2660 1339 2715 paludem.

340 2715 454 2757 haud
478 2716 673 2770 equidem
697 2716 840 2759 credo:
865 2730 1034 2771 sparsae
1057 2729 1226 2771 quoque
1249 2717 1438 2759 membra
1462 2717 1633 2761 venenis

249 2785 315 2816 360
341 2786 534 2815 exercere
560 2780 668 2815 artes
695 2771 918 2828 Scythides
944 2779 1227 2815 memorantur
1250 2773 1432 2816 easdem.
