1786 3242
322 254 816 294 METAMORPHOSEON
837 255 935 292 LIB.
959 255 1066 293 XIV.
1091 255 1286 292 468—555.
1414 245 1499 288 247

175 338 399 383 Hactenus
423 336 628 382 Oenides.
687 338 882 381 Venulus
907 335 1146 394 Calydonia
1167 351 1302 403 regna
1434 336 1576 376 (Pastor

116 392 432 450 Peucetiosque
455 395 574 438 sinus
597 394 903 451 Messapiaque
927 410 1028 436 arva
1052 394 1268 449 relinquit.
1429 381 1591 427 Apulus.)

116 452 166 497 iu
186 451 342 508 quibus
365 458 488 494 antra
509 451 645 501 videt,
669 466 780 507 quae
803 451 939 494 multa
961 450 1110 494 nubila
1132 450 1241 493 silva

83 556 86 558 ,
115 515 164 555 et
183 507 351 553 levibus
373 507 508 565 guttis
531 508 749 550 manantia
772 507 1007 564 semicaper
1029 507 1126 550 Pan
1522 519 1589 552 515

68 582 82 604 1
118 579 234 618 nunc
257 571 392 608 tenet:
417 571 461 607 at
483 565 669 620 quodam
693 572 921 607 tenuerunt
943 571 1134 620 tempore
1158 563 1386 621 nymphae.

117 621 292 680 Apulus
313 620 393 665 has
415 621 488 664 illa
511 628 656 678 pastor
678 621 852 676 regione
876 621 1046 677 fugatas

71 682 79 731 f
117 677 269 724 terruit
291 684 335 722 et
355 677 494 735 primo
517 677 660 721 subita
683 677 908 720 formidine
932 677 1083 720 movit:

73 734 76 739 “
118 749 240 786 mox,
264 734 340 778 ubi
362 749 483 778 mens
507 733 633 777 rediit
656 741 699 777 et
723 741 1016 790 contempsere
1039 742 1303 789 sequentem,

74 791 75 795 ’
115 790 176 835 ad
197 806 423 835 numerum
445 791 571 834 motis
594 790 776 848 pedibus
801 790 961 833 duxere
986 790 1175 833 choreas.
1523 804 1591 836 520

60 867 75 897 2·
116 848 177 892 im
207 848 330 891 robat
353 847 430 890 has
453 855 600 915 pastor
623 848 818 902 saltuque
842 847 1029 889 imitatus
1054 847 1211 903 agresti

66 911 77 931 ·’
114 862 282 951 addidit
304 904 499 948 obscems
523 904 716 948 convicia
738 904 897 947 rustica
920 903 1059 952 dictis,

117 975 199 1007 nec
221 961 340 1018 prius
364 960 562 1013 obticuit,
586 975 716 1017 quam
739 968 915 1027 guttura
938 960 1126 1003 condidit
1149 960 1289 1003 arbor.

114 1018 246 1063 orbor
267 1018 381 1062 enim
404 1025 488 1069 est3
512 1032 700 1074 sucoque
723 1018 823 1061 hcet
846 1031 1103 1074 cognoscere
1126 1032 1279 1061 mores.
1344 1034 1349 1040 ·

28 1116 42 1130 1,
115 1075 278 1174 quippe
300 1082 447 1118 notam
468 1075 641 1132 linguae
666 1074 783 1118 bacis
807 1075 989 1118 oleaster
1012 1075 1165 1117 amaris
1523 1088 1590 1120 525

113 1130 218 1176 exhi
249 1138 310 1176 et:
335 1131 541 1188 asperitas
565 1132 792 1175 verborum
817 1132 944 1175 cessit
966 1132 1011 1174 in
1033 1131 1141 1174 illas.

175 1188 292 1232 Hinc
315 1188 390 1231 ubi
412 1188 544 1255 legati
567 1189 749 1240 rediere,
774 1196 931 1246 negata
954 1188 1138 1232 ferentes
1317 1199 1456 1234 Aeneae
1471 1210 1588 1234 naves.

18 1243 22 1292 ζ
55 1222 60 1236 ”
116 1259 238 1290 arma
259 1245 417 1288 Aetola
439 1246 542 1296 mhi,
566 1246 717 1289 Rutuli
742 1246 832 1289 sine
858 1245 1019 1288 viribus
1043 1245 1125 1288 inis

51 1307 63 1315 ”
118 1302 231 1346 bella
253 1301 460 1346 instructa
483 1310 656 1360 gerunt:
681 1303 949 1358 multumque
973 1303 1028 1344 ab
1052 1310 1232 1357 utraque
1256 1303 1417 1345 cruoris

18 1386 19 1389 =
50 1355 57 1410 ,ἶ
113 1365 238 1418 parte
261 1358 400 1403 datur·
458 1359 542 1402 fert
566 1374 665 1403 ecce
689 1359 836 1402 avidas
861 1359 905 1401 in
929 1359 1055 1415 pinea
1078 1359 1251 1401 Turnus
1523 1373 1591 1405 530

114 1422 236 1460 texta
257 1415 395 1467 faces3
419 1416 626 1473 ignesque
650 1417 818 1467 timent,
843 1416 998 1471 quibus
1022 1415 1139 1458 unda
1161 1415 1364 1472 pepercit.

113 1473 290 1528 iamque
313 1473 452 1530 picem
475 1481 518 1516 et
542 1488 661 1516 ceras
685 1473 969 1528 alimentaque
994 1479 1134 1516 cetera
1157 1473 1355 1516 flammae

10 1534 14 1539 ’
59 1573 61 1578 χ
117 1529 335 1573 Mulciber
357 1522 509 1573 urebat
532 1544 692 1586 perque
717 1531 850 1572 altum
875 1530 930 1572 ad
954 1530 1130 1572 carbasa
1154 1530 1315 1572 malum

53 1624 56 1626 .
114 1586 227 1638 ibat,
252 1593 296 1630 et
317 1586 519 1630 incurvae
542 1586 767 1630 fumabant
790 1594 972 1629 transtra
995 1587 1180 1629 carinae:

16 1650 18 1658 ³
56 1659 61 1691 ζ
114 1657 219 1687 cum
242 1656 407 1687 memor
429 1643 507 1686 has
531 1644 657 1700 pinus
681 1644 813 1687 Idaeo
838 1644 995 1686 vertice
1019 1658 1165 1686 caesas
1523 1658 1591 1690 535

115 1706 267 1744 sancta
290 1700 420 1744 deum
442 1700 636 1757 genetrix
660 1700 883 1743 tinnitibus
907 1704 1007 1744 aera
1029 1699 1142 1756 pulsi

54 1757 80 1786 Γ
118 1756 228 1800 aeris
253 1763 297 1800 et
319 1756 455 1800 inflati
479 1757 707 1824 complevit
730 1772 947 1800 murmure
971 1757 1088 1807 buxi,

42 1819 61 1846 -²
115 1827 279 1872 perque
301 1814 418 1857 leves
442 1813 612 1857 domitis
636 1822 805 1857 invecta
827 1813 1022 1857 leonibus
1047 1829 1172 1856 auras

115 1869 258 1913 ‘irrita
281 1870 489 1928 sacrilega
511 1871 645 1914 iactas
668 1871 866 1914 incendia
888 1871 1051 1921 dextra,

8 1939 15 1951 ¹
55 1928 62 1969 ἶ
113 1926 292 1977 Turne,'
316 1927 388 1970 ait.
449 1927 664 1984 ‘eripiam3
688 1943 768 1971 nec
792 1943 861 1971 me
884 1928 1073 1984 patiente
1098 1928 1303 1971 cremabit
1524 1943 1592 1974 540

18 1992 55 2039 j]
115 1983 231 2040 ignis
254 1983 364 2028 edax
387 1999 610 2028 nemorum
635 1992 776 2041 partes
802 1992 844 2028 et
867 1985 1058 2028 membra
1081 1986 1302 2028 meorum.’

8 2044 57 2092 ’
115 2040 301 2084 intonuit
325 2041 492 2085 dicente
516 2042 615 2093 dea,
639 2042 926 2097 tonitrumque
951 2042 1085 2085 secuti

25 2109 45 2154 33(
115 2111 219 2140 cum
242 2097 418 2142 saliente
441 2113 595 2155 graves
619 2099 864 2142 ceciderunt
886 2098 1094 2155 grandine
1118 2099 1272 2141 nimbi:

116 2157 303 2209 aeraque
327 2162 370 2198 et
393 2155 603 2198 tumidum
628 2155 777 2198 subitis
802 2155 1077 2198 concursibus
1102 2169 1262 2210 aequor

118 2211 292 2254 Astraei
313 2211 488 2254 turbant
511 2219 554 2255 et
577 2220 679 2255 eunt
702 2212 746 2254 in
769 2211 930 2268 proelia
952 2212 1118 2255 fratres.
1522 2228 1590 2259 545

21 2286 57 2308 2:-
115 2282 144 2311 e
167 2267 324 2324 quibus
347 2268 462 2311 alma
483 2283 638 2325 parens
661 2269 788 2311 unius
813 2268 973 2311 viribus
998 2283 1089 2318 usa,

115 2331 301 2381 stuppea
323 2325 542 2382 praerupit
563 2325 781 2382 Phrygiae
805 2325 1038 2367 retinacula
1062 2326 1207 2368 classis

31 2383 49 2419 .’
115 2380 286 2437 fertque
309 2389 422 2425 rates
445 2397 601 2439 pronas
625 2382 849 2437 medioque
873 2382 954 2424 sub
978 2396 1162 2437 aequore
1186 2383 1352 2440 mergit.

18 2443 52 2479 =.'
118 2437 271 2481 robore
295 2438 457 2481 mollito
486 2439 688 2495 lignoque
711 2440 756 2481 in
781 2453 958 2495 corpora
981 2453 1118 2490 verso,

116 2494 163 2536 in
186 2494 373 2551 capitum
396 2495 528 2538 facies
553 2511 718 2552 puppes
741 2503 959 2538 mutantur
982 2496 1187 2547 aduncae,
1522 2511 1590 2542 550

116 2550 163 2593 in
186 2550 344 2608 digitos
367 2552 527 2595 abeunt
551 2560 594 2595 et
617 2567 741 2595 crura
763 2552 954 2595 natantia
976 2553 1095 2602 remi,

113 2607 318 2663 quodque
342 2608 458 2651 sinus
482 2609 641 2659 fuerat,
666 2610 776 2652 latus
801 2617 877 2652 est.
937 2609 1173 2665 mediisque
1198 2610 1342 2653 carina

119 2664 290 2707 subdita
313 2665 494 2721 navigiis
519 2667 667 2722 spinae
690 2674 880 2708 mutatur
902 2666 947 2708 in
970 2681 1116 2717 usum;

117 2719 204 2764 lina
227 2735 374 2780 comae
397 2722 566 2772 molles,
591 2730 814 2766 antemnae
839 2723 1036 2766 bracchia
1059 2723 1186 2774 fiunt3

114 2778 334 2830 caerulus,
358 2786 405 2821 ut
429 2779 586 2830 fuerat,
612 2780 727 2823 color
751 2787 827 2823 est.
886 2794 1077 2836 quasque
1103 2788 1200 2825 ante
1225 2781 1447 2834 timebant,
1519 2796 1587 2828 555
