1786 3242
326 233 816 275 METAMORPHOSEON
842 237 940 273 LIB.
963 237 1049 275 XV.
1074 237 1269 275 405—492.
1397 227 1483 272 265

52 308 58 325 ³
108 318 322 364 aetheriae
343 319 487 371 sedes,
511 319 761 375 caelumque
785 319 863 362 erit
887 319 1025 362 exitus
1048 318 1150 361 illi.’'

48 410 49 413 η
108 375 216 420 haec
232 375 454 419 'Helenum
478 375 680 419 cecinisse
702 376 950 432 penatigero
973 377 1150 420 Aeneae
1506 390 1579 423 450

106 439 250 476 mente
273 447 436 476 memor
457 432 608 482 refero,
634 440 900 499 cognataque
923 433 1091 476 moenia
1113 432 1248 476 laetor

50 542 53 543 ⁷
80 527 82 529 ,
108 502 297 532 crescere
321 496 365 532 et
387 489 545 532 utiliter
567 488 815 544 Phrygibus
839 489 992 532 vicisse
1014 489 1235 546 Pelasgos.

46 595 49 597 ,
105 558 188 590 nec
209 552 352 589 tamen
375 545 517 588 oblitis
541 545 596 588 ad
619 554 778 588 metam
801 545 974 588 tendere
997 546 1125 602 longe

106 601 372 658 expatiemur
394 601 527 657 equis.
587 602 752 644 caelum
776 609 818 645 et
841 602 1140 657 quodcumque
1164 602 1245 645 sub
1267 602 1340 645 illo
1364 611 1441 654 est,

103 657 304 701 immutat
325 657 504 709 formas,
527 657 737 712 tellusque
761 665 804 700 et
827 658 1035 714 quidquid
1057 659 1102 701 in
1125 658 1198 701 illa
1220 667 1297 702 est.
1505 673 1577 705 455

105 728 184 757 nos
207 728 398 770 quoque,
421 729 520 771 pars
543 714 718 780 mundi,
737 714 938 769 quoniam
961 730 1048 780 non
1071 730 1248 772 corpora
1272 716 1423 766 solum,

46 786 47 790 ¹
105 785 256 814 verum
279 770 408 814 etiam
431 771 625 814 volucres
649 786 815 814 ammae
840 786 1007 822 sumus,
1031 786 1160 827 mque
1184 772 1341 815 ferinas

104 841 331 884 possumus
354 827 416 871 ire
441 827 588 870 domos
612 827 911 884 pecudumque
934 827 980 870 in
1003 842 1180 884 corpora
1204 829 1342 871 condi.

104 897 304 940 corpora,
329 898 439 939 quae
463 891 642 941 possunt
665 883 827 926 animas
850 883 1051 927 habuisse
1073 892 1297 940 parentum

104 946 180 983 aut
202 939 381 982 fratrum
405 949 480 984 aut
502 940 644 996 aliquo
667 940 909 983 iunctorum
933 940 1104 984 foedere
1128 941 1251 983 nobis
1505 956 1578 989 460

105 1003 181 1039 aut
203 995 424 1039 hominum
448 1004 581 1048 certe,
605 1004 698 1040 tuta
721 1013 814 1041 esse
838 1005 881 1040 et
903 997 1080 1041 honesta
1103 997 1292 1040 sinamus

103 1067 212 1096 neve
236 1052 462 1110 Thyesteis
485 1054 751 1097 cumulemur
774 1054 936 1097 viscera
960 1054 1131 1097 mensis.

103 1123 235 1165 quam
259 1110 370 1153 male
393 1110 648 1161 consuescit,
673 1124 802 1166 quam
826 1126 871 1154 se
896 1118 1018 1167 parat
1040 1111 1111 1155 ille
1136 1111 1273 1154 cruori

101 1165 259 1223 impius
282 1166 484 1218 humano,
507 1167 629 1210 vituli
652 1167 726 1222 qui
750 1182 928 1224 corpora
951 1167 1086 1211 cultro

101 1222 263 1280 rumpit
286 1231 329 1266 et
351 1223 547 1266 immotas
570 1224 747 1290 praebet
769 1224 1005 1280 mugitibus
1030 1239 1172 1267 aures:
1504 1239 1577 1271 465

103 1286 179 1322 aut
201 1279 275 1335 qui
298 1280 469 1336 vagitus
493 1280 649 1323 siimles
673 1280 906 1337 puerilibus
930 1280 1115 1324 haedum

102 1335 299 1380 edentem
321 1336 516 1394 iugulare
539 1344 698 1393 potest:
724 1345 799 1380 aut
823 1338 920 1380 alite
944 1338 1073 1388 vesci,

102 1392 172 1435 cui
196 1392 313 1436 dedit
335 1393 428 1450 ipse
452 1393 589 1436 cibos!
626 1402 834 1449 quantum
859 1402 941 1444 est,
966 1394 1082 1449 quod
1107 1394 1216 1438 desit
1238 1395 1284 1438 in
1306 1394 1398 1438 istis

101 1449 159 1491 ad
179 1449 355 1506 plenum
378 1449 565 1500 facinus,
589 1465 675 1506 quo
700 1451 900 1493 transitus
923 1451 1023 1494 inde
1046 1452 1245 1507 paratur?

101 1505 180 1548 bos
204 1513 296 1550 aret
319 1513 394 1549 aut
417 1514 597 1550 mortem
621 1507 858 1550 senioribus
881 1507 1062 1564 imputet
1085 1509 1221 1559 annis,
1503 1523 1577 1555 470

101 1561 359 1606 horriferum
382 1571 529 1606 contra
552 1563 711 1607 borean
735 1564 826 1607 ovis
852 1579 970 1607 arma
993 1564 1214 1615 ministret,

82 1619 236 1662 ‘ubera
260 1619 362 1663 dent
385 1627 555 1663 saturae
577 1621 774 1663 manibus
798 1621 1031 1677 pressanda
1054 1622 1255 1678 capellae.

99 1675 208 1719 retia
230 1690 328 1720 cum
351 1676 514 1733 pedicis
536 1677 798 1733 laqueosque
822 1685 1020 1733 artesque
1044 1678 1212 1721 dolosas

99 1732 246 1776 tollite.
304 1747 386 1776 neo
408 1733 624 1777 volucrem
648 1734 809 1776 viscata
831 1734 965 1777 fallite
990 1734 1124 1791 virga,

9 1803 29 1828 ³1
98 1803 180 1832 nec
201 1788 439 1832 formidatis
462 1804 609 1834 cervos
632 1790 796 1833 illudite
821 1791 985 1846 pennis,
1503 1805 1575 1837 475

98 1860 179 1890 nec
203 1846 336 1889 celate
360 1845 466 1889 cibis
489 1861 622 1890 uncos
645 1846 869 1890 fallacibus
893 1846 1055 1890 hamos.

16 1923 28 1934 -·
97 1902 282 1958 perdite,
306 1901 343 1945 si
365 1916 452 1958 qua
473 1910 644 1954 nocent,
669 1918 818 1947 verum
842 1903 948 1946 haec
972 1918 1142 1959 quoque
1165 1904 1330 1960 perdite
1355 1912 1540 1948 tantum:

99 1973 174 2002 ora
196 1966 351 2002 vacent
374 1959 512 2016 epulis
536 1960 821 2015 alimentaque
846 1961 965 2003 mitia
988 1961 1191 2017 carpant.'

156 2015 336 2058 Talibus
360 2022 490 2071 atque
514 2016 606 2059 aliis
629 2017 836 2059 instructo
860 2026 1032 2073 pectore
1056 2017 1179 2060 dictis
1427 2029 1571 2074 Egeria.

97 2071 142 2115 in
165 2071 347 2128 patriam
370 2087 583 2116 remeasse
606 2073 771 2124 ferunt,
796 2074 992 2129 ultroque
1015 2074 1197 2130 petitum
1502 2089 1575 2120 480

98 2127 314 2184 accepisse
336 2127 526 2171 Numam
549 2130 695 2186 populi
719 2130 898 2173 Latialis
923 2130 1131 2173 habenas:

98 2184 281 2241 coniuge
304 2184 378 2240 qui
401 2185 505 2228 felix
528 2186 719 2243 nympha
743 2186 1009 2242 ducibusque
1035 2185 1236 2230 Camenis

98 2240 311 2284 sacrificos
336 2241 481 2284 docuit
503 2242 629 2294 ritus,
653 2251 911 2298 gentemque
935 2243 1066 2287 feroci

97 2305 311 2341 assuetam
336 2297 449 2341 bello
473 2299 591 2355 pacis
615 2299 804 2342 traduxit
828 2300 883 2342 ad
907 2307 1032 2343 artes.

96 2354 171 2410 qui
194 2361 422 2411 postquam
447 2355 588 2398 senior
611 2370 878 2412 regnumque
903 2371 1142 2412 aevumque
1165 2357 1344 2414 peregit,
1502 2372 1574 2404 485

96 2410 332 2454 extinctum
355 2410 593 2468 Latiaeque
617 2428 751 2455 nurus
775 2414 1043 2479 populusque
1066 2420 1294 2480 patresque

11 2461 18 2517 ζ
96 2467 307 2511 deflevere
331 2467 533 2511 Numam.
592 2485 692 2511 nam
717 2484 903 2512 comunx
926 2470 1032 2513 urbe
1056 2470 1202 2514 rehcta

95 2523 218 2566 vallis
241 2523 443 2568 Aricinae
467 2525 609 2569 densis
631 2526 734 2569 latet
759 2526 904 2569 abdita
927 2527 1056 2577 silvis,

95 2594 302 2647 sacraque
328 2577 537 2625 Oresteae
562 2590 717 2638 questu
738 2583 988 2639 gemituque
1011 2583 1182 2627 Dianae

94 2636 285 2693 impedlt.
346 2636 390 2680 al
415 2638 609 2694 quotiens
634 2639 847 2696 nymphae
872 2641 1140 2696 nemorisque
1165 2641 1382 2696 lacusque,
1500 2654 1573 2686 490

19 2703 21 2705 ’
94 2707 150 2736 ne
174 2693 356 2746 faceret,
379 2709 582 2739 monuere
607 2703 649 2738 et
672 2696 932 2739 consolantia
955 2697 1086 2740 verba

13 2799 16 2803 ⁴
95 2748 312 2794 dixerunt!
338 2751 533 2809 quotiens
556 2752 673 2796 flenti
697 2752 906 2797 Theseius
930 2753 1054 2798 heros
