1774 3256
287 268 782 308 METAMORPHOSEON
803 269 902 307 LIB.
927 270 994 308 VI.
1019 270 1214 308 281-368.
1383 261 1439 304 97

82 399 105 410 -.
139 349 285 395 lacu
305 350 447 395 medio
469 366 687 395 sacrorum
710 352 833 409 nigra
856 352 1001 395 favilla
1466 364 1533 397 825

163 413 288 452 vetus
311 407 470 459 stabat,
493 409 685 452 tremulis
709 409 971 452 circumdata
993 409 1152 453 cannis.

77 512 120 523 Ἢ,
149 477 160 496 s
180 486 203 501 «ι
241 470 286 508 et
304 465 462 532 pavido
487 466 652 509 ‘faveas
674 466 798 509 mihi’
823 481 1040 510 murmure
1064 466 1171 509 dixit

140 534 319 573 meus-3
342 529 385 566 et
408 522 535 565 simili
559 523 744 567 ‘faveas’
769 537 851 580 ego
874 538 1091 567 murmure
1115 523 1215 566 dixi.

116 583 126 589 '²
264 577 500 623 ·Faunine
522 579 633 623 foret
655 559 822 623 tamen⁰
823 595 916 630 ara,
939 580 1159 637 rogabam,

278 650 346 679 ·ve
369 635 452 679 dei.
511 650 610 679 cum
632 636 734 680 talia
756 636 918 679 rettulit
940 636 1114 703 hospes·
1465 649 1534 683 880

101 744 126 749 .,
156 656 308 744 hac,
332 707 358 735 o
381 692 567 745 iuvenis,
589 700 838 736 montanum
860 709 1019 736 numen
1042 694 1087 736 in
1111 709 1185 737 ara
1208 701 1285 737 est.

114 750 129 766 ”’
161 751 287 793 suam
307 756 434 793 vocat
455 749 586 800 hanc,
610 750 681 793 cui
703 749 920 806 quondam
943 750 1063 807 regia
1087 750 1274 793 coniunx

14 786 31 833 1
170 828 201 842 21
234 805 470 858 interdixit,
493 820 624 862 quam
647 806 720 849 vix
743 807 922 850 erratica
944 806 1079 850 Delos

14 836 16 878 Ι
198 884 208 900 ‘-
225 884 245 900 ··
279 863 464 921 accepit,
486 870 579 906 tum
602 878 701 906 cum
724 863 830 907 levis
853 863 993 906 insula
1015 864 1159 906 nabat.

24 920 28 925 ’
138 919 424 964 incumbens
447 935 546 964 cum
568 920 759 964 Palladis
783 920 934 963 arbore
957 921 1125 977 palmae
1466 934 1532 966 335

147 976 199 1021 n't
218 976 353 1020 invita
406 976 569 1021 eminos
592 977 763 1020 Latona
785 992 982 1021 noverca.

139 1047 359 1091 quoque
374 993 592 1078 {urionem
614 1034 777 1092 fugisse
800 1050 1011 1102 puerpera
1033 1034 1169 1078 fertur

181 1105 296 1136 suo
319 1098 511 1159 portasse
535 1091 648 1142 sinu,
673 1092 759 1135 duo
782 1092 977 1142 numina,
1001 1099 1138 1134 natos.

192 1162 235 1192 ·e
259 1145 613 1200 Chimaeriferae,
638 1163 737 1192 cum
761 1149 825 1192 sol
846 1149 991 1206 gravis
1015 1156 1155 1192 ureret
1180 1163 1296 1200 arva,

90 1168 257 1249 ’Βιιε
243 1221 289 1248 ιιι
310 1204 476 1273 Lyciae
486 1206 628 1272 ’longo
651 1206 733 1249 dea
755 1205 870 1249 fessa
891 1205 1037 1249 labore
1467 1218 1534 1251 340

90 1256 120 1299 ’ἃ
143 1283 159 1297 -ι
188 1282 221 1300 ιο
251 1261 410 1306 siccata
431 1262 545 1306 sitim
568 1263 674 1306 colle
708 1263 740 1306 't
762 1262 818 1306 ab
842 1269 981 1306 aestu:

109 1340 115 1354 ι
148 1348 151 1356 ·
206 1333 280 1363 ιιιο
302 1319 524 1363 ebiberant
546 1319 662 1363 avidi
700 1320 886 1363 actantia
907 1320 1009 1363 nati.

159 1376 336 1420 lacum
359 1376 582 1420 mediocris
605 1391 742 1433 aquae
766 1377 986 1434 prospexit
1007 1377 1052 1420 in
1075 1377 1172 1420 imis

43 1469 49 1475 .
90 1457 92 1460 ·
132 1438 152 1470 1
177 1447 264 1477 ms.
317 1441 506 1501 agrestes
529 1434 615 1477 illic
638 1434 843 1477 fruticosa
864 1434 1066 1491 legebant

85 1488 164 1527 ‘w'
178 1505 223 1533 a
245 1505 344 1534 cum
366 1491 505 1534 iuncis
527 1498 781 1548 gratamque
804 1491 1032 1548 paludibus
1056 1491 1214 1534 ulvam.
1465 1503 1530 1536 345

172 1547 241 1590 it
263 1547 487 1605 positoque
509 1563 626 1615 genu
647 1548 821 1591 Titania
843 1556 1000 1591 terram

147 1604 236 1656 it,
259 1612 309 1648 ut
330 1605 519 1648 hauriret
540 1605 705 1662 gelidos
705 1613 883 1672 ‚potura
905 1606 1104 1661 liquores.

155 1661 222 1706 ’ca
243 1661 370 1706 turba
391 1669 521 1706 vetat.
540 1641 660 1706 adea
682 1662 744 1706 sic
767 1662 914 1706 adfata
935 1669 1145 1706 vetantes:

75 1715 216 1776 quid
237 1718 472 1786 prohibetis
495 1719 644 1776 aquis?
665 1735 770 1762 usus
794 1719 1029 1762 communis
1054 1733 1263 1775 aquarum
1287 1726 1364 1763 est.

127 1775 298 1820 solem
320 1790 465 1834 pron
429 1775 540 1820 rium
563 1783 716 1819 natura
739 1790 819 1820 nec
842 1780 942 1819 ae‘ra
965 1776 1067 1819 feeit
1465 1789 1532 1822 350

128 1839 314 1877 tenues
337 1848 397 1877 un
482 1833 575 1876 :ad
597 1833 771 1890 publica
793 1848 972 1876 munera
994 1833 1105 1876 veni.

32 1921 38 1940 ,-
158 1897 340 1934 tamen
361 1897 411 1934 ut
433 1889 560 1942 detis,
585 1890 767 1948 supplex
789 1897 902 1947 peto.
961 1905 1049 1933 non
1072 1905 1154 1947 ego
1178 1897 1344 1933 nostros

41 1961 55 1968 ’
82 1950 93 1973 1
104 1947 235 1993 luere
257 1946 328 1991 hic
351 1955 469 1991 artus
490 1948 734 2004 lassataque
757 1947 950 1991 membra
972 1947 1191 2014 parabam,

120 2004 351 2049 relevare
371 2005 497 2048 sitim.
557 2011 674 2048 caret
695 2019 744 2048 os
766 2019 914 2048 umore
937 2004 1163 2060 loquentis,

88 2060 274 2106 fauces
297 2068 437 2114 arent,
461 2061 620 2129 vixque
643 2069 708 2105 est
731 2062 801 2105 via
824 2062 940 2105 vocis
963 2062 1009 2104 in
1032 2062 1128 2104 illis.
1463 2077 1529 2110 355

227 2132 400 2175 aquae
421 2118 527 2162 mihi
548 2125 694 2162 nectar
717 2119 814 2169 erit,
838 2119 1054 2174 vitamque
1078 2119 1245 2162 fatebor

106 2205 109 2207 -
125 2197 159 2213 w-
177 2175 207 2214 ιι”
216 2196 272 2213 22·-
299 2176 446 2219 simul.
468 2176 602 2219 vitam
625 2176 861 2219 dederitis'
848 2192 894 2219 ιιι
916 2177 1044 2218 unda.

87 2231 302 2301 ‘quoque
323 2247 402 2276 vos
423 2240 642 2285 moveant,
666 2233 741 2289 qui
763 2240 908 2276 nostro
931 2232 1130 2276 bracchia
1153 2233 1334 2278 tendunt

50 2341 55 2344 ,
79 2335 98 2343 ,
154 2310 157 2314 ·
216 2289 352 2334 sinu.”
425 2297 470 2334 et
492 2305 595 2334 casu
617 2290 851 2334 tendebant
873 2290 1072 2333 bracchia
1094 2290 1196 2332 nati.

34 2346 51 2351 ’
71 2351 73 2354 ’
104 2368 109 2382 1
132 2368 177 2385 ω·
211 2361 300 2391 ιιοιι
321 2347 480 2391 blanda
502 2347 608 2391 deae
631 2347 868 2404 potuissent
890 2347 1022 2390 verba
1044 2348 1242 2391 movere?
1463 2361 1530 2396 860

88 2409 272 2449 tamen
294 2412 486 2449 orantem
507 2411 708 2472 perstant
720 2404 965 2471 prohibere,
989 2404 1224 2459 minasque,

77 2461 277 2529 procul
299 2461 521 2514 abscedat,
545 2461 821 2517 conviciaque
844 2461 1018 2518 insuper
1041 2461 1216 2503 addunt.

36 2563 43 2572 ,
127 2517 266 2562 satis
290 2525 372 2562 est·
395 2518 512 2586 ipsos
535 2518 664 2562 etiam
686 2518 953 2585 pedibusque
976 2532 1190 2574 manuque

88 2579 151 2612 l·
171 2590 288 2620 vere
310 2575 486 2627 lacus,
473 2589 645 2631 imoque
670 2590 693 2618 e
717 2575 886 2632 gurgite
911 2575 1081 2619 mollem

120 2631 270 2676 illuc
291 2632 442 2676 limum
466 2632 577 2676 saltu
599 2646 772 2676 movere
794 2633 996 2700 maligno.
1462 2646 1529 2679 365

191 2688 224 2732 ’t
244 2688 309 2732 ira
331 2689 458 2733 sitim.
516 2703 657 2745 neque
681 2689 794 2732 enim
816 2689 902 2732 iam
896 2669 1013 2732 ofilia
1037 2687 1144 2733 Coei

173 2745 272 2790 'cat
292 2745 479 2805 indignis
502 2761 582 2790 nec
606 2746 746 2790 dicere
770 2747 948 2790 sustinet
971 2747 1082 2790 ultra

38 2676 380 2902 *lamium*
403 2804 504 2857 dea,
527 2803 763 2861 tollensque
789 2804 845 2848 ad
868 2803 1007 2848 sidera
1029 2804 1194 2862 palmas

86 2894 94 2903 2
213 2870 278 2901 ’.σοι
289 2869 333 2901 Π.
1185 2871 1205 2907 7
