1774 3256
336 249 394 292 30
774 258 817 292 P.
845 255 1009 293 OVIDH
1033 255 1250 293 NASOMS

336 354 443 382 neve
467 353 611 394 preces
636 338 796 380 animos
821 344 862 379 et
885 336 1015 379 verba
1038 337 1253 392 precantia
1275 337 1458 392 flectant,

337 409 460 451 posse
483 395 599 448 loqui
622 394 808 450 eripitur,
832 407 916 435 vox
938 392 1141 436 iracunda
1163 393 1391 450 minaxque

336 452 545 507 plenaque
569 450 736 492 terroris
759 463 888 491 rauco
912 448 964 491 de
988 456 1158 504 gutture
1181 450 1328 493 fertur.

247 521 313 553 485
337 522 455 549 mens
480 507 653 560 antiqua
675 513 817 548 tamen
839 505 961 557 facta·
976 519 1146 561 quoque
1168 507 1323 550 mansit
1344 506 1390 550 in
1412 522 1529 560 ursa,

339 563 592 617 assiduoque
615 576 713 604 suos
737 561 898 617 gemitu
921 568 1074 604 testata
1097 562 1261 605 dolores

337 619 666 674 qualescumque
689 633 840 660 manus
864 617 919 659 ad
943 618 1107 660 caelum
1130 626 1171 662 et
1195 619 1333 662 sidera
1355 620 1464 663 tollit

337 676 633 731 ingratumque
656 674 823 725 Iovem,
848 682 1030 728 nequeat
1054 689 1152 717 cum
1175 675 1332 727 dicere,
1357 677 1497 720 sentit.

338 748 364 773 a
387 731 598 786 quotiens,
623 731 712 774 sola
733 745 819 772 non
843 746 947 773 ausa
970 731 1185 785 quiescere
1209 733 1327 784 silva,

247 800 315 833 490
338 795 434 830 ante
460 788 631 829 domum
655 787 953 842 quondamque
977 788 1063 829 suis
1087 789 1241 832 erravit
1262 789 1307 831 in
1331 789 1462 846 agris!

338 860 364 886 a
387 844 579 899 quotiens
603 859 678 900 per
702 859 805 886 saxa
828 858 982 886 canum
1004 844 1223 887 latratibus
1246 852 1341 888 acta
1363 853 1440 898 est,

339 901 614 954 venatrixque
638 908 754 943 met-u
777 906 1006 942 venantum
1030 901 1174 943 territa
1197 901 1327 958 fugit!

340 972 466 1012 saepe
490 957 589 999 feris
612 957 732 998 latuit
756 956 875 1007 visis,
899 956 1030 998 oblita
1053 957 1155 1012 quid
1178 966 1301 1009 esset,

338 1027 522 1067 ursaque
546 1020 791 1068 conspectos
814 1013 859 1055 in
880 1013 1094 1055 montibus
1117 1013 1278 1057 horruit
1300 1029 1434 1066 ursos,

247 1082 314 1114 495
338 1070 635 1126 pertimuitque
659 1070 799 1125 lupos,
824 1069 1016 1124 quamvis
1040 1077 1159 1126 pater
1182 1078 1292 1114 esset
1313 1071 1358 1114 in
1380 1071 1477 1115 illis.

395 1125 509 1168 Ecce
533 1126 774 1181 Lycaoniae
797 1126 935 1182 proles
958 1126 1106 1182 ignara
1130 1127 1312 1182 parentis

338 1183 475 1224 Arcas
500 1183 637 1233 adest,
660 1190 724 1225 ter
747 1183 933 1237 quinque
956 1182 1045 1225 fere
1068 1183 1278 1226 natalibus
1302 1185 1425 1228 actis:

340 1239 525 1293 dumque
548 1239 659 1282 feras
684 1240 884 1293 sequitur,
908 1239 1010 1281 dum
1034 1240 1164 1282 saltus
1188 1240 1304 1296 eligit
1327 1248 1448 1297 aptos

338 1295 631 1350 nexilibusque
655 1296 791 1351 plagis
816 1296 942 1338 silvas
966 1295 1293 1352 Erymanthidas
1317 1297 1464 1349 ambit,

248 1363 315 1395 500
338 1352 484 1394 incidit
507 1352 551 1394 in
574 1360 770 1400 matrem,
796 1367 905 1407 quae
928 1352 1080 1395 restitit
1101 1353 1272 1396 Arcade
1295 1353 1387 1396 viso

340 1415 382 1450 et
406 1408 674 1464 cognoscenti
697 1409 843 1451 similis
867 1409 960 1451 fuit.
1017 1409 1088 1452 ille
1112 1409 1269 1466 refugit

339 1465 619 1519 immotosque
643 1466 787 1507 oculos
810 1465 854 1507 in
878 1481 923 1508 se
948 1466 1036 1508 sine
1060 1465 1143 1508 fine
1167 1473 1380 1510 tenentem

339 1521 505 1563 nescius
531 1521 741 1571 extimuit,
764 1522 1022 1577 propiusque
1045 1522 1245 1566 accedere
1269 1523 1410 1566 aventi

339 1577 537 1619 vulnifico
561 1578 700 1620 fuerat
723 1578 884 1620 fixurus
908 1586 1080 1634 pectora
1102 1579 1200 1622 telo.

249 1647 313 1677 505
341 1634 475 1675 arcuit
500 1632 783 1690 Omnipotens
806 1635 1045 1690 pariterque
1068 1636 1267 1691 ipsosque
1289 1635 1496 1692 nefasque

341 1690 508 1731 sustulit
531 1698 573 1732 et
596 1691 721 1733 celeri
743 1698 886 1746 raptos
909 1706 986 1746 per
1007 1691 1150 1734 inania
1172 1699 1299 1735 vento
1758 1724 1767 1748 2=

339 1746 540 1801 imposuit
564 1748 680 1789 caelo
704 1747 924 1801 vicinaque
949 1747 1088 1790 sidera
1110 1748 1224 1790 fecit.
1717 1797 1720 1801 Α
1756 1753 1768 1805 ᾗ

394 1803 603 1844 Intumuit
625 1803 748 1853 Iuno,
772 1812 996 1858 postquam
1020 1804 1127 1846 inter
1151 1804 1289 1846 sidera
1313 1804 1463 1860 paelex
1758 1823 1760 1826 ·

338 1858 473 1908 fulsit,
498 1866 540 1901 et
563 1859 618 1900 ad
642 1874 790 1902 canam
815 1859 1030 1902 descendit
1051 1860 1096 1902 in
1120 1874 1304 1915 aequora
1327 1860 1498 1917 Tethyn

250 1929 315 1960 510
340 1913 646 1970 Oceanumque
670 1931 831 1966 senem,
855 1929 1034 1970 quorum
1056 1916 1290 1959 reverentia
1311 1917 1444 1960 movit

339 1986 463 2027 saepe
489 1971 608 2022 deos,
634 1986 888 2026 causamque
912 1972 1006 2015 viae
1031 1972 1277 2015 scitantibus
1300 1973 1411 2015 infit:

339 2027 579 2081 ‘quaeritis,
604 2028 797 2071 aetheriis
821 2042 950 2083 quare
974 2029 1121 2085 regina
1144 2029 1319 2072 deorum

338 2084 509 2126 sedibus
533 2084 616 2126 huc
641 2085 800 2126 adsim?
823 2099 899 2140 pro
923 2100 991 2127 me
1016 2092 1129 2127 tenet
1154 2086 1286 2128 altera
1309 2085 1491 2128 caelum!

336 2140 528 2189 mentiar,
554 2141 781 2183 obscurum
803 2141 885 2183 nisi
906 2156 991 2183 nox
1016 2156 1112 2184 cum
1136 2141 1281 2184 fecerit
1305 2142 1452 2184 orbem

246 2211 311 2243 515
336 2211 472 2252 nuper
494 2197 718 2240 honoratas
742 2212 925 2249 summo,
949 2213 1044 2241 mea
1067 2199 1260 2249 vulnera,
1286 2198 1402 2242 caelo

337 2253 523 2295 videritis
548 2254 687 2296 stellas
710 2254 814 2304 illic,
839 2254 912 2296 ubi
935 2254 1116 2296 circulus
1139 2270 1262 2297 axem

335 2309 508 2351 ultimus
533 2317 768 2352 extremum
792 2311 1010 2367 spatioque
1034 2311 1306 2354 brevissimus
1330 2310 1474 2353 ambit.

337 2373 400 2407 est
423 2380 536 2416 ver0,
561 2381 636 2408 cur
658 2367 752 2421 quis
775 2367 983 2409 Iunonem
1006 2367 1172 2410 laedere
1196 2367 1301 2409 nolit

336 2422 625 2477 offensamque
648 2424 824 2466 tremat?
848 2438 957 2479 quae
980 2437 1152 2479 prosum
1176 2424 1266 2466 sola
1287 2423 1504 2467 nocendo?

245 2492 311 2524 520
337 2493 380 2528 0,
405 2493 484 2534 ego
509 2486 714 2533 quantum
740 2479 826 2536 egi!
863 2494 991 2534 quam
1015 2487 1135 2522 vasta
1188 2480 1344 2523 otentia
1366 2486 1509 2523 nostra
1532 2480 1615 2523 est!

337 2550 427 2576 esse
452 2534 665 2578 hominem
688 2536 822 2578 vetui:
848 2536 961 2579 facta
985 2543 1049 2579 est
1072 2537 1151 2579 dea
1229 2536 1289 2579 sic
1312 2551 1392 2593 ego
1416 2550 1574 2593 poenas

336 2590 526 2632 sontibus
548 2591 719 2647 impono
727 2623 738 2642 ,
765 2592 824 2635 sic
849 2600 912 2635 est
934 2608 1030 2635 mea
1052 2608 1209 2649 magna
1231 2599 1431 2648 potestas.

334 2646 519 2689 vindicet
543 2648 759 2702 antiquam
784 2649 937 2691 faciem
960 2650 1187 2704 vultusque
1210 2649 1366 2692 ferinos

336 2703 548 2753 detrahat,
572 2704 777 2759 Argolica
801 2706 914 2759 quod
938 2705 982 2746 in
1006 2712 1102 2748 ante
1125 2705 1368 2748 Phoronide
1391 2704 1512 2749 fecit!

243 2773 309 2804 525
336 2774 410 2802 cur
432 2774 515 2802 non
541 2767 582 2802 et
604 2761 727 2816 pulsa
751 2761 867 2803 ducit
901 2762 1062 2804 Iunone
1086 2776 1264 2817 meoque
