1786 3242
213 456 266 484 us
288 441 421 484 telum
444 441 552 498 lapis
577 450 660 492 est,
685 441 759 497 qui
782 441 937 484 missus
960 442 1005 484 in
1028 441 1121 498 ipso

52 502 61 550 J
93 501 191 543 aere
214 505 424 542 concentu
449 498 586 541 victus
611 499 812 554 vocisque
835 498 851 541 l
930 512 1040 554 eque
1064 506 1141 550 est,

47 595 52 609 ,ι
91 569 145 600 ac
165 553 299 599 veluti
322 554 503 621 supplex
525 570 604 612 pro
627 563 715 598 tam
738 555 823 598 furi
866 555 962 598 ibus
987 555 1101 598 ausis

22 638 24 640 v
50 623 51 654 ξ
92 618 192 656 ante
213 610 347 669 pedes
370 611 515 654 lacuit.
575 612 651 655 sed
675 612 788 655 enim
811 611 1036 655 temeraria
1060 619 1255 655 crescunt

14 708 17 719 ,,
90 668 223 720 bella,
246 667 485 724 modusque
509 667 631 720 abiit,
654 668 890 724 insanaque
913 676 1065 725 regnat
1088 668 1258 729 Erinys.

91 731 330 781 cunctaque
354 726 440 768 tela
462 725 603 768 forent
626 733 755 768 cantu
778 725 959 767 mollita:
984 725 1060 768 sed
1083 725 1235 783 ingens

16 783 17 786 ’
47 823 51 830 ,
91 782 252 827 clamor
274 789 318 825 et
339 781 486 825 inflato
509 782 767 839 Berecyntia
790 781 895 824 tibia
919 796 1052 824 cornu

15 843 19 850 ”
89 846 380 896 tympanaque
404 845 448 882 et
469 839 646 896 plausus
670 846 713 882 et
735 839 923 881 Bacchei
946 839 1134 882 ululatus

90 895 367 952 obstrepuere
390 909 496 938 sono
520 895 720 938 citharae.
780 902 872 938 tum
897 895 1079 951 denique
1104 911 1208 938 saxa

89 966 178 997 non
201 952 392 996 exauditi
414 952 652 995 rubuerunt
676 952 884 1009 sanguine
909 952 1032 995 vatis.

90 1023 142 1054 ac
163 1009 350 1067 primum
373 1009 572 1052 attonitas
597 1010 832 1052 etiamnum
856 1023 961 1052 voce
986 1009 1176 1052 canentis

88 1066 334 1110 innumeras
357 1067 552 1109 volucres
577 1082 631 1109 an
695 1081 825 1122 esque
851 1080 1091 1123 agmenque
1115 1066 1302 1109 ferarum

88 1123 348 1175 Maenades,
372 1121 540 1180 Orphei
563 1124 642 1166 titu
659 1139 754 1175 um,
777 1138 979 1180 rapuere,
1003 1124 1177 1166 theat-ri:

87 1179 189 1224 inde
212 1180 441 1223 cruentatis
465 1187 690 1224 vertuntur
711 1181 756 1223 in
781 1178 960 1237 Orphea
985 1181 1144 1224 dextris

89 1244 134 1281 et
155 1240 325 1288 coeunt,
347 1244 397 1279 ut
421 1252 541 1288 aves,
567 1237 601 1280 si
627 1237 798 1293 quando
822 1238 918 1281 luce
942 1245 1171 1294 vagantem

87 1293 225 1338 noctis
249 1308 374 1336 avem
397 1302 588 1337 cernunt.
648 1302 894 1350 Structoque
918 1295 1132 1350 utrimque
1155 1293 1321 1338 theatro

88 1365 171 1396 ceu
192 1351 403 1394 matutina
426 1365 578 1395 cervus
602 1352 816 1408 periturus
840 1351 1001 1394 harena

86 1407 248 1466 praeda
271 1422 427 1451 canum
450 1415 534 1460 est,
558 1416 785 1464 vatemque
807 1416 958 1465 petunt
983 1415 1026 1452 et
1047 1408 1198 1452 fronde
1222 1409 1406 1453 virentes

88 1464 304 1509 coniciunt
327 1464 517 1522 thyrsos,
540 1480 626 1508 non
650 1465 757 1508 haec
778 1465 823 1508 in
847 1481 1025 1509 munera
1048 1466 1196 1510 factos.

86 1521 170 1566 hae
192 1521 389 1579 glaebas,
412 1522 510 1565 illae
534 1522 731 1579 dereptos
756 1523 907 1566 arbore
930 1537 1084 1574 ramos,

117 1593 186 1622 ars
210 1585 410 1634 torquent
432 1579 584 1622 silices.
643 1594 728 1622 neu
753 1579 892 1622 desint
914 1580 1000 1623 tela
1023 1580 1184 1632 furori,'

107 1642 198 1679 orte
221 1635 354 1679 boves
377 1651 523 1692 presso
547 1636 805 1693 subigebant
828 1650 999 1680 vomere
1022 1644 1192 1688 terram,

85 1705 168 1736 nec
190 1693 341 1750 procul
364 1692 463 1735 hinc
486 1693 620 1736 multo
644 1694 831 1736 fructum
856 1694 1010 1737 sudore
1033 1703 1231 1750 parantes

87 1749 198 1793 dura
218 1749 415 1792 lacertosi
438 1749 660 1793 fodiebant
684 1765 786 1793 arva
810 1751 962 1793 coloni.

87 1805 259 1864 agmine
281 1806 356 1874 qui
379 1807 471 1849 viso
494 1806 667 1864 fugiunt
691 1807 915 1864 operisque
940 1807 1186 1863 relinquunt

12 1854 33 1918 1³
86 1877 206 1907 arma
229 1877 314 1906 sm:
345 1877 588 1919 vacuosque
611 1864 752 1907 iacent
775 1864 967 1921 dispersa
988 1880 1066 1921 per
1090 1880 1215 1922 agros

86 1920 340 1976 sarculaque
362 1921 572 1976 rastrique
596 1936 750 1978 graves
774 1921 977 1978 longique
1001 1922 1179 1979 ligones.

86 1991 197 2078 3¹11oe
218 1984 448 2034 postquam
470 1992 650 2035 rapuere
673 1978 811 2029 ferae,
836 1993 1052 2034 cornuque
1076 1979 1264 2022 minaces

132 2033 300 2078 vulsere
322 2034 475 2086 boves,
500 2035 555 2078 ad
578 2035 688 2078 vatis
711 2035 801 2078 fata
824 2044 1059 2087 recurrunt,

15 2081 18 2090 λ
85 2091 417 2147 tendentemque
440 2107 591 2135 manus
617 2099 745 2148 atque
768 2093 841 2135 illo
865 2101 1055 2149 tempore
1079 2093 1264 2150 primum

20 2148 23 2153 ’
85 2147 206 2191 irrita
228 2147 439 2192 dicentem
462 2163 542 2193 nec
566 2149 795 2205 quicquam
819 2164 924 2192 voce
948 2158 1189 2194 moventem

85 2204 318 2262 sacrilegae
341 2205 575 2262 perimunt3
600 2221 760 2263 perque
784 2221 851 2257 os,
875 2221 952 2263 pro
977 2207 1190 2264 Iuppiter!
1215 2208 1321 2251 illud

25 2291 27 2294 -
83 2261 280 2305 'auditum
304 2262 418 2306 saxis
441 2263 788 2318 intellectumque
812 2264 999 2306 ferarum

6 2348 7 2351 =
85 2318 281 2362 sensibus
304 2319 349 2362 in
372 2327 523 2369 ventos
547 2320 688 2362 anima
713 2321 880 2363 exalata
903 2322 1090 2364 recessit.

83 2382 128 2419 te
149 2383 338 2420 maestae
361 2377 573 2428 volucres,
600 2376 799 2443 Orpheu,
825 2385 867 2420 te
891 2378 1017 2420 turba
1039 2378 1239 2429 ferarum,

83 2440 128 2476 te
149 2432 278 2490 rigidi
301 2433 459 2485 silices,
484 2442 526 2477 te
550 2449 738 2477 carmma
762 2449 833 2477 sae
866 2450 889 2477 e
914 2442 1084 2478 secutae

15 2495 16 2498 ’
83 2489 293 2534 fleverunt
317 2491 468 2542 silvae3
491 2491 640 2557 positis
663 2498 705 2533 te
729 2491 824 2533 fron
855 2491 952 2534 ibus
977 2492 1104 2534 arbor

4 2546 22 2583 ὲ
83 2552 208 2590 tonsa
230 2561 397 2590 comam
419 2548 540 2590 luxlt.
599 2547 782 2590 lacrimis
806 2562 978 2604 quoque
1001 2549 1177 2592 flumina
1201 2549 1347 2592 dicunt

82 2601 313 2647 increvisse
338 2604 426 2647 suis
433 2620 445 2655 ;
471 2604 738 2660 obscuraque
763 2606 941 2648 carbasa
964 2607 1082 2662 pullo

82 2659 244 2704 Naides
268 2668 311 2704 et
333 2660 534 2718 Dryades
556 2676 789 2718 passosque
813 2662 1000 2706 habuere
1025 2663 1212 2762 capillos.

2 2723 19 2773 ρι’
81 2717 275 2761 membra
297 2717 439 2762 iacent
461 2718 629 2762 diversa
651 2718 769 2761 locis.
829 2727 975 2776 caput,
1000 2721 1071 2763 He
1102 2736 1168 2772 re,
1192 2722 1413 2779 lyramque

81 2773 262 2831 excipis:
287 2782 348 2828 et,
372 2774 547 2819 mirum!
572 2775 712 2819 medio
738 2775 840 2819 dum
864 2777 1021 2820 labitur
1045 2793 1183 2830 amne,

207 245 704 284 RETAMORPHOSEON
726 247 825 283 LIB.
849 247 899 283 X.
919 246 1112 283 707—739.
1137 247 1207 282 XI.
1225 246 1350 284 1—51.
1388 237 1471 280 ’181

59 340 61 342 ’
92 327 203 374 votis
224 327 270 370 A
326 326 443 371 llinei
466 327 632 370 vocalia
654 328 769 371 misit
791 328 836 371 in
859 343 953 371 ora:

41 394 65 442 βξ
92 384 272 487 msc
290 384 340 427 ”s
362 392 565 441 praesuta
587 392 733 428 notam
757 385 847 428 sine
871 385 1046 428 vulnere
1070 384 1184 428 fecit.

1470 456 1543 503 ¹10

1500 739 1540 771 15

1497 1023 1542 1056 20

1497 1309 1540 1341 25

1495 1595 1539 1631 30,

1493 1881 1536 1912 35

1490 2167 1536 2198 40

1487 2453 1530 2484 45

1484 2738 1528 2771 50
