1786 3242
380 260 462 302 192
815 266 859 301 Ρ.
886 265 1051 303 OVIDII
1074 263 1290 302 NASONIS

376 349 467 404 ipse
490 355 633 404 pavet,
658 361 736 390 nec
759 361 824 397 se,
849 346 923 401 qui
946 345 999 387 sit
1022 352 1174 396 status,
1197 345 1287 401 ipse
1309 344 1466 388 fatetur

378 404 484 447 scire
506 403 607 446 ratis
631 410 781 453 rector,
805 415 885 445 nec
908 401 1011 456 quid
1033 401 1231 444 iubeatve
1255 409 1439 444 vetetve:

377 467 494 502 tanta
516 458 616 501 mali
639 459 791 508 moles,
815 464 1016 512 tantoque
1040 457 1247 514 potentior
1269 464 1359 500 arte
1382 464 1459 500 est.
1521 479 1523 481 ·

285 530 352 561 495
378 516 451 570 qui
482 530 535 571 pe
558 522 709 558 sonant
732 515 914 557 clamore
937 513 1035 564 viri,
1059 513 1235 556 stridore
1258 513 1471 564 rudentes,

377 587 434 613 un
466 586 587 613 arum
608 571 780 613 incursu
802 570 944 626 gravis
967 569 1100 619 unda,
1125 569 1347 612 tonitribus
1371 569 1531 614 aether.
1550 582 1553 584 ’

376 627 573 670 fluctibus
597 627 772 683 erigitur
795 626 1043 681 caelumque
1067 640 1248 681 aequare
1272 626 1438 669 videtur

376 691 530 740 pontus
555 691 596 726 et
618 683 811 725 inductas
836 683 1057 739 aspergine
1081 689 1254 749 tangere
1276 682 1426 726 nubes.

377 747 420 782 et
442 740 580 790 modo,
605 755 702 782 cum
725 739 863 789 fulvas
888 754 941 782 ex
963 739 1047 780 imo
1071 745 1200 781 vernt
1222 738 1415 790 harenas,

288 809 356 842 500
380 796 574 839 concolor
597 803 661 839 est
682 796 783 847 illis,
808 794 960 851 Stygia
982 795 1108 837 modo
1131 794 1289 851 nigrior
1312 795 1448 838 unda:

378 852 576 896 sternitur
596 851 808 895 interdum
832 852 1076 907 spumisque
1100 851 1346 894 sonantibus
1371 851 1496 894 albet.

376 908 469 964 ipsa
493 922 661 964 quoque
684 908 749 950 his
773 908 912 964 agitur
935 908 1096 950 vicibus
1121 907 1348 950 Trachinia
1369 907 1545 964 puppis=

377 972 420 1007 et
443 979 556 1007 nunc
580 964 788 1014 sublimis,
813 963 943 1006 veluti
967 964 1019 1006 de
1044 964 1199 1006 vertice
1222 963 1390 1015 montis,

378 1021 592 1076 despicere
614 1021 658 1062 in
682 1021 812 1063 valles
835 1020 1051 1075 imumque
1075 1020 1319 1063 Acheronta
1342 1019 1527 1063 videtur:

287 1090 352 1123 505
377 1091 509 1126 nunc,
534 1077 608 1119 ubi
632 1077 856 1119 demissam
881 1091 1057 1119 curvum
1081 1076 1354 1120 circumstetit
1378 1091 1551 1132 aequor,

378 1133 591 1189 suspicere
614 1133 779 1175 inferno
803 1148 1014 1175 summum
1039 1132 1091 1175 de
1114 1133 1281 1189 gurgite
1305 1133 1482 1176 caelum.

379 1204 504 1245 saepe
528 1189 600 1231 dat
623 1189 837 1245 ingentem
862 1190 992 1231 fluctu
1015 1189 1125 1231 latus
1149 1190 1232 1231 icta
1255 1189 1487 1246 fragorem:

377 1260 456 1288 nec
479 1245 613 1288 levius
637 1246 803 1301 pulsata
827 1252 965 1295 sonat,
990 1259 1118 1300 quam
1141 1245 1302 1288 ferreus
1326 1245 1428 1288 olim

378 1316 474 1344 cum
496 1302 656 1344 laceras
680 1301 786 1344 aries
810 1302 1028 1343 ballistave
1053 1302 1238 1344 concutit
1261 1316 1392 1346 arceS.

286 1370 353 1402 510
378 1366 508 1412 utque
532 1358 667 1400 solent
691 1358 867 1413 sumptis
891 1357 1063 1400 incursu
1086 1358 1245 1401 viribus
1267 1358 1328 1401 ire

377 1421 547 1470 pectore
570 1414 614 1455 in
638 1429 754 1456 arma
777 1413 856 1456 feri
878 1420 1154 1469 protentaque
1177 1414 1260 1457 tela
1282 1415 1445 1458 leones:

378 1471 437 1512 sic
461 1470 536 1512 ubi
559 1485 604 1513 se
628 1470 763 1513 ventis
788 1470 1014 1512 admiserat
1036 1470 1151 1512 unda
1174 1470 1340 1520 coortis,

376 1527 466 1569 ibat
488 1526 532 1568 in
557 1542 673 1568 arma
695 1527 795 1568 ratis
819 1527 1035 1581 multoque
1059 1534 1149 1569 erat
1172 1527 1293 1569 altior
1314 1527 1409 1570 illis.

376 1583 545 1638 iamque
569 1583 713 1625 labant
738 1582 878 1632 cunei,
903 1583 1163 1639 spoliataque
1187 1583 1372 1639 tegmine
1397 1598 1518 1628 cerae

286 1651 352 1684 515
377 1639 483 1681 rima
505 1646 621 1695 patet
643 1639 901 1695 praebetque
925 1639 1037 1681 viam
1059 1639 1254 1682 letalibus
1277 1639 1416 1683 undis.

378 1709 476 1738 ecce
500 1695 656 1737 cadunt
679 1695 786 1751 largi
809 1695 1001 1738 resolutis
1025 1695 1210 1738 nubibus
1234 1696 1408 1747 imbres3
1430 1723 1436 1725 >

377 1752 504 1806 inque
527 1751 682 1793 fretum
706 1751 852 1794 credas
876 1758 1011 1793 totum
1035 1752 1290 1795 descendere
1312 1753 1488 1803 caelum,

376 1808 504 1862 inque
526 1807 674 1863 plagas
699 1807 805 1849 caeli
828 1807 1105 1850 tumefactum
1129 1808 1354 1852 ascendere
1376 1817 1567 1865 pontum.

377 1864 472 1906 vela
495 1864 666 1906 madent
689 1863 862 1914 nimbis,
887 1871 929 1906 et
952 1878 1048 1906 cum
1073 1865 1321 1907 caelestibus
1345 1865 1470 1908 undis

287 1933 354 1965 520
378 1933 610 1974 aequoreae
633 1919 861 1962 miscentur
884 1934 1031 1975 aquae.
1091 1928 1205 1963 earet
1226 1921 1396 1976 ignibus
1421 1921 1578 1972 aether,

379 1989 587 2030 caecaque
610 1990 695 2017 nox
718 1976 920 2032 premitur
943 1976 1125 2019 tenebris
1149 1976 1380 2032 hiemisque
1404 1978 1589 2033 suisque.

378 2032 608 2074 discutiunt
631 2039 772 2075 tamen
796 2032 872 2074 has
896 2033 1183 2088 praebentque
1206 2033 1405 2076 micantia
1426 2034 1571 2078 lumen

377 2088 578 2130 fulmina:
602 2088 814 2131 fulmineis
839 2089 1063 2131 ardescunt
1085 2089 1254 2145 ignibus
1277 2090 1430 2133 undae.

378 2145 451 2186 dat
473 2158 641 2199 quoque
664 2145 749 2187 iam
774 2145 902 2187 saltus
927 2145 1037 2187 intra
1060 2159 1165 2188 cava
1188 2153 1304 2188 texta
1326 2147 1493 2190 carinae

286 2215 351 2247 525
377 2201 541 2243 fluctus.
600 2208 642 2243 et
665 2208 712 2243 ut
734 2201 854 2244 miles
878 2216 1053 2244 numero
1076 2202 1354 2257 praestantior
1377 2203 1506 2254 omni,

378 2272 474 2299 cum
499 2272 625 2313 saepe
648 2257 810 2299 assiluit
834 2257 1032 2300 defensae
1055 2259 1275 2301 moenibus
1299 2259 1429 2310 urbis,

377 2328 451 2369 spe
475 2313 633 2369 potitur
656 2314 826 2356 tandem
848 2314 1069 2368 laudisque
1093 2329 1292 2358 accensus
1317 2330 1459 2359 amore

376 2370 484 2413 inter
507 2370 619 2412 mille
644 2370 755 2412 viros
779 2386 948 2412 murum
972 2379 1113 2413 tamen
1136 2378 1315 2428 occupat
1338 2387 1468 2415 unus:

378 2426 437 2468 sic
460 2426 534 2468 ubi
557 2426 777 2482 pulsarunt
800 2427 975 2469 noviens
998 2427 1130 2470 latera
1153 2428 1285 2470 ardua
1307 2428 1475 2479 fluctus,

286 2496 352 2529 530
377 2482 535 2525 vastius
559 2483 781 2539 insurgens
806 2483 993 2526 decimae
1017 2484 1101 2525 ruit
1123 2483 1303 2540 impetus
1327 2485 1486 2528 undae:

376 2553 455 2582 nec
478 2539 592 2595 prius
618 2539 779 2581 absistit
804 2539 960 2582 fessam
984 2554 1230 2596 oppugnare
1255 2541 1452 2592 carinam,

377 2609 505 2649 quam
528 2596 643 2638 velut
666 2595 708 2637 in
733 2603 879 2651 captae
904 2596 1131 2638 descendat
1154 2597 1319 2639 moenia
1340 2597 1475 2640 navis.

375 2666 473 2706 pars
497 2651 625 2707 igitur
648 2652 880 2708 temptabat
904 2652 1042 2694 adhuc
1066 2653 1263 2696 invadere
1286 2653 1446 2709 pinum,

375 2722 473 2762 pars
496 2708 623 2750 maris
646 2708 758 2750 intus
783 2716 884 2751 erat.
943 2709 1153 2764 trepidant
1177 2709 1290 2751 haud
1315 2710 1442 2753 setius
1467 2714 1630 2763 omnes,

286 2776 351 2809 535
378 2778 504 2818 quam
528 2764 632 2807 solet
656 2765 776 2816 urbs,
802 2764 893 2807 aliis
918 2780 1086 2807 murum
1109 2765 1365 2809 fodientibus
1390 2773 1508 2810 extra
