1774 3256
382 247 464 291 102
819 251 862 286 Ρ.
889 249 1054 287 OVIDII
1077 247 1292 286 NASONIS

289 352 355 382 545
380 336 584 402 proiecto,
609 340 682 376 tua
705 332 818 374 facta
840 331 1007 385 loquar:
1034 330 1069 371 si
1093 329 1214 385 copia
1238 328 1372 378 detur,

379 408 424 434 m
447 391 625 447 populos
650 389 835 437 veniam3
861 387 896 429 si
919 386 1034 428 silvis
1048 386 1202 440 ,clausa
1225 385 1413 435 tenebor,

380 447 564 503 implebo
590 446 715 488 silvas
740 453 782 487 et
806 443 974 487 conscia
997 457 1099 484 saxa
1122 441 1321 484 movebo:

382 504 525 546 audiet
549 502 653 545 haec
677 501 822 544 aether
844 507 886 543 et
910 499 946 542 si
970 499 1073 541 deus
1097 498 1209 540 ullus
1233 497 1278 540 in
1299 497 1370 540 illo
1394 495 1484 540 est?

381 559 535 602 talibus
559 559 623 601 ira
645 558 724 600 feri
747 564 971 613 postquam
995 561 1204 597 commota
1227 553 1407 610 tyranni,

290 630 357 662 550
380 631 459 659 nec
481 616 618 657 minor
640 614 720 656 hac
743 620 880 656 metus
905 620 986 662 est,
1011 626 1139 654 causa
1162 610 1398 653 stimulatus
1422 616 1614 666 utraque,

382 687 466 727 quo
490 672 571 714 fuit
594 671 826 720 accinctus,
850 669 1004 725 vagina
1027 668 1177 710 liberat
1201 682 1357 717 ensem,

383 744 475 771 arre
507 736 677 783 tamque
702 741 823 770 coma
845 726 964 768 flexis
988 732 1084 781 post
1107 731 1227 780 terga
1249 722 1414 766 lacertis

383 785 480 827 vinc
498 801 523 827 a
546 784 634 841 pati
658 783 785 840 cogit.
842 782 1037 838 iugulum
1059 780 1296 822 Philomela
1319 779 1497 835 parabat

294 883 296 886 ,
383 855 585 897 spemque
610 855 710 883 suae
734 838 879 881 mortis
903 839 992 880 viso
1018 843 1266 892 conceperat
1290 851 1403 878 ense.

292 911 358 944 555
383 899 452 941 ille
476 898 766 953 indignantem
790 904 832 938 et
855 909 1009 937 nomen
1032 893 1162 950 patris
1186 907 1320 947 usque
1345 899 1566 941 vocantem

382 955 695 1008 luctantemque
717 952 833 1007 loqui
857 965 1147 1006 comprensam
1170 949 1330 1004 forcipe
1352 948 1542 1005 linguam

385 1010 557 1053 abstulit
581 1025 681 1052 ense
704 1009 807 1051 fero.
866 1008 987 1050 radix
1010 1007 1137 1048 micat
1159 1005 1307 1047 ultima
1329 1005 1512 1061 linguae,

383 1068 477 1123 ipsa
499 1067 607 1109 iacet
631 1075 850 1120 terraeque
873 1071 1054 1106 tremens
1078 1063 1356 1104 inmurmurat
1379 1069 1509 1104 atrae.

384 1131 515 1177 utque
539 1122 661 1164 salire
686 1122 791 1164 solet
814 1121 1029 1162 mutilatae
1054 1119 1190 1162 cauda
1214 1118 1424 1171 colubrae,

294 1193 361 1225 560
384 1179 562 1235 palpitat
585 1187 627 1221 et
649 1178 830 1220 moriens
855 1177 1048 1218 dominae
1072 1174 1252 1230 vestigia
1275 1174 1451 1229 quaerit.

385 1236 466 1277 hoc
490 1249 659 1290 quoque
682 1241 776 1290 post
800 1233 965 1275 facinus
987 1256 1046 1262 —
1062 1232 1134 1273 vix
1159 1231 1293 1272 ausim
1318 1230 1488 1273 credere
1511 1254 1570 1262 -
1591 1230 1726 1274 fertur

387 1307 513 1347 saepe
538 1306 615 1333 sua
638 1291 824 1332 lacerum
848 1288 1048 1345 repetisse
1071 1287 1245 1329 libidine
1269 1301 1434 1343 corpus.

387 1348 563 1390 sustinet
586 1347 641 1389 ad
663 1346 864 1401 Prognen
887 1352 982 1400 post
1005 1344 1104 1386 talia
1127 1343 1240 1385 facta
1262 1343 1429 1393 reverti,

387 1404 566 1460 coniuge
590 1417 700 1458 quae
726 1403 814 1444 viso
839 1416 1084 1458 germanam
1109 1399 1284 1454 quaerit.
1343 1406 1388 1441 at
1409 1399 1480 1443 ille

296 1473 362 1505 565
388 1461 460 1502 dat
482 1460 664 1516 gemitus
688 1459 807 1501 fictos
833 1464 1152 1511 commentaque
1175 1456 1325 1498 funera
1347 1463 1502 1498 narrat.

386 1524 428 1559 et
450 1517 646 1558 lacrimae
669 1515 807 1558 fecere
830 1514 970 1556 fidem.
1028 1513 1238 1555 velamina
1260 1511 1432 1568 Progne
1514 1520 1517 1525 '

388 1573 540 1628 deripit
563 1588 617 1615 ex
639 1571 795 1614 umeris
820 1585 923 1613 auro
947 1569 1154 1626 fulgentia
1176 1569 1260 1611 lato

386 1630 659 1684 induiturque
684 1636 794 1670 atras
818 1634 957 1669 vestes
981 1634 1022 1669 et
1044 1626 1170 1668 inane
1193 1625 1433 1680 sepulcrum

389 1685 602 1728 constituit
625 1685 826 1738 falsisque
850 1683 1017 1739 piacula
1031 1682 1235 1724 Manibus
1259 1680 1386 1723 infert

297 1755 365 1787 570
389 1750 430 1785 et
452 1743 570 1797 luget
594 1756 678 1783 non
703 1741 762 1782 sic
785 1740 994 1796 lugendae
1017 1739 1106 1781 fata
1130 1737 1295 1780 sororis.

388 1799 510 1854 signa
534 1798 637 1840 deus
661 1797 726 1838 bis
751 1812 825 1839 sex
849 1803 942 1838 acto
967 1795 1216 1837 lustraverat
1239 1807 1362 1836 anno.

388 1855 491 1909 quid
514 1854 643 1895 faciat
665 1852 928 1894 Philomela?
951 1851 998 1892 fu
1031 1866 1099 1893 am
1123 1850 1314 1893 custodia
1337 1849 1514 1901 claudit3

388 1918 547 1953 structa
569 1910 707 1965 rigent
730 1909 862 1951 solido
886 1908 1009 1950 stabu
1028 1921 1146 1949 orum
1170 1906 1336 1948 moenia
1359 1920 1460 1948 saxo
1468 1923 1480 1957 ;

390 1982 436 2009 os
459 1973 624 2008 mutum
648 1965 750 2008 facti
774 1973 888 2007 caret
911 1964 1061 2006 indice.
1121 1962 1280 2019 grande
1305 1962 1459 2004 doloris

299 2036 365 2068 575
388 2023 605 2079 ingenium
630 2030 713 2072 est,
738 2021 985 2075 miserisque
1010 2019 1124 2062 venit
1148 2018 1331 2061 sollertia
1353 2018 1493 2061 rebus.

390 2079 569 2122 stamina
592 2078 811 2120 barbarica
835 2076 1053 2132 suspendit
1077 2075 1228 2118 callida
1251 2075 1336 2117 tela

389 2149 705 2191 purpureasque
727 2141 848 2176 notas
873 2133 952 2175 filis
976 2131 1152 2175 intexuit
1178 2131 1298 2181 albis,

389 2192 589 2234 indicium
615 2191 800 2240 sceleris,
825 2189 1096 2245 perfectaque
1119 2187 1289 2230 tradidit
1311 2187 1399 2237 uni,

390 2256 520 2303 utque
545 2249 654 2290 ferat
678 2247 891 2296 dominae,
915 2252 1039 2301 gestu
1062 2252 1196 2300 rogat.
1253 2244 1325 2286 illa
1347 2251 1496 2309 rogata

300 2318 367 2350 580
391 2305 563 2361 pertulit
587 2304 641 2346 ad
664 2304 884 2359 Prognen,
908 2316 987 2344 nec
1010 2301 1088 2343 scit
1111 2300 1214 2356 quid
1236 2300 1373 2342 tradat
1395 2315 1439 2342 m
1462 2299 1556 2342 illis.

391 2361 547 2404 evolvit
570 2369 708 2403 vestes
733 2359 848 2402 saevi
871 2366 1063 2400 matrona
1085 2357 1252 2412 tyranni

390 2432 700 2474 germanaeque
725 2431 826 2458 suae
849 2430 1018 2458 carmen
1041 2413 1277 2456 miserabile
1300 2412 1405 2468 legit

391 2483 434 2517 et
457 2473 628 2527 (mirum
652 2473 859 2528 potuisse)
884 2471 988 2514 silet.
1048 2470 1166 2512 dolor
1189 2484 1262 2512 ora
1284 2468 1495 2524 repressit,

391 2531 604 2584 verbaque
630 2528 845 2584 quaerenti
871 2528 970 2570 satis
994 2526 1257 2582 indignantia
1279 2525 1450 2580 linguae

300 2601 365 2633 585
390 2587 632 2629 defuerunt:
657 2600 735 2628 nec
757 2585 857 2627 flere
881 2591 1022 2634 vacat,
1046 2583 1121 2625 sed
1143 2583 1292 2636 fasque
1314 2581 1517 2636 nefasque

391 2643 618 2685 confusura
640 2641 741 2692 ruit,
766 2655 1010 2697 poenaeque
1033 2640 1078 2682 in
1100 2638 1282 2694 imagine
1306 2645 1395 2680 tota
1417 2645 1493 2680 est.

447 2699 635 2753 Tempus
660 2705 768 2748 erat,
793 2711 877 2751 quo
902 2711 1021 2739 sacra
1044 2695 1177 2738 solent
1201 2694 1410 2737 trieterica
1431 2693 1592 2737 Bacchi

391 2754 608 2798 Sithoniae
633 2754 843 2796 celebrare
867 2768 1010 2795 nurus.
1070 2766 1155 2794 nox
1178 2751 1345 2794 conscia
1369 2750 1512 2802 sacris,
