1786 3242
332 258 829 298 METAMORPHOSEON
850 259 950 296 LIB.
973 260 1024 296 X.
1048 259 1242 297 531—618.
1331 271 1333 274 ’
1393 249 1477 293 177

46 334 63 383 f]
99 340 267 397 sederat
289 340 585 398 Hippomenes
611 355 760 384 cursus
785 348 997 398 spectator
1019 341 1154 397 iniqui
1502 353 1569 385 575

47 404 145 458 3³·OE
164 397 371 456 ‘“petitur
393 397 594 453 cuiquam
617 413 694 454 per
717 405 837 440 tanta
859 398 1048 455 pericula
1071 396 1328 442 coniunx?”’

80 454 266 515 udffimrat
287 469 340 499 ac
361 454 514 498 nimios
538 455 743 498 iuvenum
767 454 988 498 damnarat
1012 469 1192 498 amores.

43 511 67 556 s
97 518 150 556 ut
169 511 325 556 faciem
348 518 389 555 et
413 511 551 568 posito
575 526 730 568 corpus
753 512 962 555 velamine
986 512 1105 563 vidit,

46 606 56 611 .
75 585 77 589 ⁴
247 583 412 624 meum,
436 568 505 612 vel
528 568 654 624 quale
678 575 820 618 tuum,
845 569 882 611 si
905 568 1065 612 femina
1087 568 1180 620 flas,

47 620 58 628 K
91 627 128 670 *o
196 624 324 682 ’puit,·
346 625 585 680 tollensque
608 640 760 668 manus
785 625 1094 682 “‘ignoscitc,'''
1120 625 1226 668 dixit
1505 638 1572 671 580

46 711 62 718 2
97 685 256 738 ‘“quos
279 682 408 725 modo
432 681 623 738 culpavi:
647 682 839 724 nondum
861 681 966 724 mihi
989 682 1181 739 praemia
1203 689 1319 733 nota,

51 763 53 767 ·
89 752 210 797 *quae
232 738 452 796 peteretis,
476 738 652 782 erant.'''
709 738 924 781 laudando
949 739 1134 796 concipit
1156 739 1278 795 ignes

44 805 61 845 ,ἵ
76 803 161 847 ἀ,
184 810 239 840 ne
263 795 358 851 quis
382 795 587 839 iuvenum
612 802 754 838 currat
776 795 984 846 velocius,
1010 803 1130 852 optat

44 859 63 899 ᾗ
97 851 342 908 invidiaque
365 852 498 896 timet.
547 851 672 894 “‘sed
695 867 771 895 cur
794 852 1036 895 certaminis
1060 852 1186 895 huius

44 916 59 949 1
89 909 229 954 ‘intem
263 916 352 953 tata
373 908 479 952 mihi
501 908 674 951 fortuna
698 909 1020 964 relinquitur?”’
1045 909 1202 964 inquit:
1505 923 1572 955 585

98 969 206 1010 ‘“au
237 973 356 1010 entes
381 966 486 1010 deus
508 965 600 1023 ipse
624 965 797 1014 iuvat.”'
858 965 961 1008 dum
985 965 1087 1008 talia
1110 980 1258 1009 secum

98 1023 234 1082 exigit
255 1023 572 1080 Hippomenes,
595 1037 726 1079 passu
750 1023 865 1066 volat
887 1023 987 1065 alite
1010 1022 1145 1079 virgo.

50 1084 57 1124 J
129 1095 211 1124 uae
234 1094 496 1136 quamquam
520 1078 724 1136 Scythica
747 1094 834 1122 non
858 1079 996 1123 secius
1020 1079 1082 1123 ire
1107 1079 1263 1137 sagitta

42 1176 44 1178 .
146 1136 245 1181 onio
267 1136 361 1180 visa
385 1144 450 1180 est
471 1136 630 1188 iuveni,
654 1144 797 1180 tamen
821 1137 892 1180 ille
917 1136 1113 1180 decorem

6 1244 16 1250 ,„
34 1203 49 1232 ἱ
100 1193 279 1238 miratur
300 1194 459 1251 magis3
484 1201 527 1237 et
550 1208 700 1237 cursus
724 1193 825 1236 facit
849 1193 943 1250 ipse
968 1193 1177 1237 decorem.
1506 1207 1574 1240 590

0 1262 42 1309 ’.χ’-
99 1266 207 1296 aura
228 1250 359 1295 refert
382 1250 525 1294 ablata
550 1251 642 1294 citis
666 1251 816 1294 talaria
839 1251 1010 1307 plantis,

10 1309 32 1364 ’ῑῆ
99 1314 308 1375 tergaque
330 1307 541 1351 iactantur
564 1307 701 1351 crines
724 1323 801 1364 per
825 1308 1031 1358 eburnea,
1056 1321 1253 1363 quaeque

7 1367 38 1412 ᾧ,
99 1364 333 1434 poplitlbus
356 1365 561 1408 suberant
582 1364 696 1421 picto
719 1365 920 1420 genualia
943 1364 1095 1407 limbo:

13 1438 32 1477 J
99 1436 231 1478 mque
253 1421 433 1480 puellari
457 1436 610 1478 corpus
635 1422 818 1465 candore
842 1422 1042 1464 ruborem

100 1485 300 1531 traxerat,
322 1478 440 1522 haud
462 1479 597 1530 aliter,
621 1493 752 1534 quam
775 1493 875 1521 cum
898 1493 1025 1535 super
1049 1477 1156 1521 atria
1179 1478 1324 1522 velum
1508 1491 1574 1524 595

100 1535 284 1589 candida
305 1551 569 1593 purpureum
593 1536 812 1579 simulatas
835 1535 968 1578 inficit
990 1536 1177 1578 umbras.

11 1595 45 1651 ζζἴ
102 1592 207 1637 dum
229 1599 349 1636 notat
371 1592 479 1636 haec
501 1593 675 1649 hospes,
699 1593 880 1636 decursa
901 1592 1133 1635 novissima
1156 1600 1270 1636 meta
1294 1599 1371 1644 est,

99 1657 147 1694 et
168 1649 329 1707 tegitur
351 1649 462 1693 festa
484 1650 638 1693 victrix
660 1650 867 1693 Atalanta
891 1664 1060 1693 corona.

7 1716 45 1765 .ῑ
101 1707 209 1751 dant
229 1707 438 1764 gemitum
461 1706 562 1750 victi
587 1706 864 1763 penduntque
889 1722 943 1750 ex
966 1707 1138 1750 foedere
1162 1721 1336 1763 poenas.

102 1777 191 1808 non
213 1770 358 1807 tamen
381 1770 538 1807 eventu
559 1763 727 1806 iuvenis
751 1764 976 1807 deterritus
1000 1763 1154 1807 horum
1510 1777 1577 1810 600

16 1818 55 1878 -ῑμζμ
103 1820 292 1865 constitit
313 1820 360 1864 in
382 1820 543 1872 medio,
568 1820 774 1876 vultuque
797 1820 843 1863 in
866 1821 1030 1877 virgine
1053 1821 1140 1863 fixo

15 1885 53 1954 J
101 1877 257 1935 ‘“quid
278 1877 449 1922 facilem
472 1877 644 1920 titulum
668 1877 908 1934 superando
933 1877 1102 1933 quaeris
1126 1877 1309 1921 inertes?

3 1927 46 1995 μ’·Ι
103 1949 274 1980 mecum
298 1934 511 1978 confer1''’
536 1934 609 1977 ait.
670 1938 795 1978 “‘seu
817 1950 887 1978 me
909 1934 1103 1978 Fortuna
1125 1942 1345 1991 potentem

23 1999 43 2054 J
103 1991 272 2043 fecerit,
297 2006 324 2035 a
346 1998 465 2035 tanto
488 2005 576 2034 non
598 1990 877 2049 indignabere
900 1991 1027 2035 vinci.

22 2046 45 2081 ἶ
99 2055 204 2093 'nam
234 2063 291 2092 ue
313 2048 419 2092 mihi
441 2048 610 2106 genitor
632 2048 866 2105 Megareus
891 2047 1170 2092 Onchestius:
1196 2048 1257 2091 illi
1510 2061 1576 2094 605

24 2100 35 2149 Ϊ
102 2113 171 2151 est
193 2063 422 2163 §eptunus
446 2121 571 2149 avus:
597 2120 808 2163 pronepos
834 2121 914 2162 ego
938 2106 1050 2162 regis
1076 2120 1297 2161 aquarum.

0 2211 1 2218 ἶ
22 2166 38 2194 '⁷
105 2177 186 2207 nec
208 2163 342 2206 virtus
367 2163 473 2206 citra
495 2178 632 2220 genus
657 2170 734 2206 est.
794 2178 870 2206 seu
893 2163 1051 2212 vincar,
1076 2162 1253 2205 habebis

0 2219 1 2226 ’
34 2230 38 2235 ⁴
105 2219 379 2287 Hippomene
401 2219 514 2263 victo
538 2235 609 2262 ma
670 2235 743 2262 um
767 2227 810 2263 et
832 2219 1106 2263 memorabile
1130 2218 1340 2262 nomen.'’'

32 2281 35 2283 ’
104 2277 208 2320 taha
231 2276 442 2320 dicentem
465 2277 582 2320 molli
643 2276 846 2320 choene'ia
869 2277 990 2319 vultu

32 2334 51 2373 ⁷.
105 2333 258 2391 aspicit
279 2341 323 2377 et
345 2333 532 2385 dubitat,
558 2334 747 2390 superari
771 2350 826 2376 an
850 2334 1019 2377 vincere
1042 2333 1174 2376 malit.
1510 2347 1577 2380 610

14 2414 35 2442 ρ
105 2398 235 2447 atque
256 2390 318 2433 ita
340 2390 483 2446 “‘quis
507 2390 612 2434 deus
637 2390 751 2433 hunc
775 2390 1018 2433 formosis’''
1042 2391 1180 2446 inquit
1205 2389 1426 2446 “‘iniquus

13 2448 45 2498 ;-ἰ’·
105 2446 284 2504 perdere
306 2447 418 2499 vult,
443 2462 652 2503 caraeque
676 2447 794 2490 iubet
818 2447 1060 2491 discrimine
1084 2448 1197 2490 vitae

27 2497 55 2547 35,
105 2503 356 2561 coniugium
378 2511 523 2561 petere
548 2504 654 2547 hoc?
677 2519 764 2547 non
788 2519 904 2556 sum,
927 2519 996 2548 me
1018 2504 1178 2555 iudice,
1203 2503 1323 2547 tanti.

15 2563 45 2617 ᾗ
106 2575 187 2604 nec
210 2559 348 2604 forma
371 2569 526 2618 tangor
548 2560 760 2618 (poteram
784 2569 927 2604 tamen
951 2561 1032 2604 hac
1056 2575 1226 2618 quoque
1250 2561 1403 2618 tangi),

107 2617 185 2661 sed
206 2617 323 2674 quod
346 2617 488 2661 adhuc
510 2633 618 2675 puer
641 2625 717 2661 est.
754 2632 840 2661 non
863 2633 932 2661 me
955 2625 1099 2662 movet
1120 2618 1226 2675 ipse,
1251 2618 1328 2662 sed
1353 2625 1483 2662 aetas.
1509 2631 1575 2664 615

31 2691 42 2734 ς
106 2673 211 2730 quid
234 2674 350 2730 quod
372 2674 483 2718 inest
506 2675 639 2718 virtus
664 2682 706 2718 et
728 2690 848 2718 mens
871 2675 1063 2719 interrita
1085 2676 1184 2719 leti?

17 2731 50 2806 ᾗ
106 2730 210 2787 quid
233 2731 350 2786 quod
373 2732 429 2775 ab
453 2746 665 2788 aequorea
688 2739 936 2775 numeratur
957 2732 1120 2790 origine
1144 2733 1347 2788 quartus?

19 2804 54 2863 Ξ
103 2787 210 2844 quid
233 2787 349 2843 quod
373 2797 489 2833 amat
512 2789 703 2846 tantique
726 2797 848 2847 putat
873 2789 1056 2834 conubia
1079 2799 1237 2840 nostra,

19 2878 23 2887 ,
36 2892 43 2898 .
173 2853 263 2884 Ovidii
271 2855 322 2884 vol.
335 2854 376 2884 Π.
1211 2857 1256 2894 12
