<?xml version="1.0" encoding="UTF-8"?>
<!DOCTYPE html PUBLIC "-//W3C//DTD XHTML 1.0 Transitional//EN"
    "http://www.w3.org/TR/xhtml1/DTD/xhtml1-transitional.dtd">
<html xmlns="http://www.w3.org/1999/xhtml" xml:lang="en" lang="en">
 <head>
  <title>
</title>
<meta http-equiv="Content-Type" content="text/html;charset=utf-8" />
  <meta name='ocr-system' content='tesseract 3.04.00' />
  <meta name='ocr-capabilities' content='ocr_page ocr_carea ocr_par ocr_line ocrx_word'/>
</head>
<body>
  <div class='ocr_page' id='page_1' title='image "./carminao02oviduoft_0155.png"; bbox 0 0 1786 3242; ppageno 0'>
   <div class='ocr_carea' id='block_1_1' title="bbox 30 0 505 250">
    <p class='ocr_par' dir='ltr' id='par_1_1' title="bbox 30 0 505 250">
     <span class='ocr_line' id='line_1_1' title="bbox 101 10 118 21; baseline 0.059 -1"><span class='ocrx_word' id='word_1_1' title='bbox 101 10 118 21; x_wconf 60' lang='grc' dir='ltr'>ζ’</span> 
     </span>
     <span class='ocr_line' id='line_1_2' title="bbox 30 0 505 183; baseline -0.027 0"><span class='ocrx_word' id='word_1_2' title='bbox 30 0 110 183; x_wconf 55' lang='grc' dir='ltr'>ἔ</span> <span class='ocrx_word' id='word_1_3' title='bbox 485 114 505 137; x_wconf 71' lang='grc'><strong>.</strong></span> 
     </span>
     <span class='ocr_line' id='line_1_3' title="bbox 36 174 82 203; baseline -0.043 -8"><span class='ocrx_word' id='word_1_4' title='bbox 36 174 82 203; x_wconf 53' lang='grc' dir='ltr'>Γξιῖ-</span> 
     </span>
     <span class='ocr_line' id='line_1_4' title="bbox 35 207 62 226; baseline 0 -7"><span class='ocrx_word' id='word_1_5' title='bbox 35 207 62 226; x_wconf 40' lang='lat'>²¹⁴³&lt;</span> 
     </span>
     <span class='ocr_line' id='line_1_5' title="bbox 35 235 78 250; baseline 0 0"><span class='ocrx_word' id='word_1_6' title='bbox 35 235 78 250; x_wconf 34' lang='lat'>7⁵²7-</span> 
     </span>
    </p>
   </div>
   <div class='ocr_carea' id='block_1_2' title="bbox 302 245 1471 295">
    <p class='ocr_par' dir='ltr' id='par_1_2' title="bbox 302 245 1471 295">
     <span class='ocr_line' id='line_1_6' title="bbox 302 245 1471 295; baseline -0.005 -1"><span class='ocrx_word' id='word_1_7' title='bbox 302 256 796 295; x_wconf 79' lang='lat' dir='ltr'><strong>METAMORPHOSEON</strong></span> <span class='ocrx_word' id='word_1_8' title='bbox 818 256 915 294; x_wconf 89' lang='lat' dir='ltr'><strong>LIB.</strong></span> <span class='ocrx_word' id='word_1_9' title='bbox 943 257 1031 295; x_wconf 85' lang='lat' dir='ltr'>vn.</span> <span class='ocrx_word' id='word_1_10' title='bbox 1055 256 1250 294; x_wconf 81' lang='lat'><strong>526-613.</strong></span> <span class='ocrx_word' id='word_1_11' title='bbox 1386 245 1471 289; x_wconf 88' lang='grc'>119</span> 
     </span>
    </p>
   </div>
   <div class='ocr_carea' id='block_1_3' title="bbox 13 337 1587 2624">
    <p class='ocr_par' dir='ltr' id='par_1_3' title="bbox 13 337 1587 2624">
     <span class='ocr_line' id='line_1_7' title="bbox 50 337 1562 407; baseline -0.002 -22"><span class='ocrx_word' id='word_1_12' title='bbox 50 337 55 340; x_wconf 63' lang='grc'>’</span> <span class='ocrx_word' id='word_1_13' title='bbox 89 339 192 387; x_wconf 70' lang='lat' dir='ltr'>inde</span> <span class='ocrx_word' id='word_1_14' title='bbox 213 353 368 407; x_wconf 69' lang='lat' dir='ltr'>graves</span> <span class='ocrx_word' id='word_1_15' title='bbox 389 338 514 381; x_wconf 89' lang='lat' dir='ltr'>multi</span> <span class='ocrx_word' id='word_1_16' title='bbox 536 346 753 394; x_wconf 88' lang='lat' dir='ltr'>nequeunt</span> <span class='ocrx_word' id='word_1_17' title='bbox 777 353 1032 396; x_wconf 80' lang='lat' dir='ltr'>consurgere</span> <span class='ocrx_word' id='word_1_18' title='bbox 1057 345 1099 381; x_wconf 88' lang='lat' dir='ltr'>et</span> <span class='ocrx_word' id='word_1_19' title='bbox 1122 337 1224 394; x_wconf 89' lang='lat' dir='ltr'>ipsis</span> <span class='ocrx_word' id='word_1_20' title='bbox 1494 350 1562 382; x_wconf 81' lang='lat'>570</span> 
     </span>
     <span class='ocr_line' id='line_1_8' title="bbox 34 394 1304 453; baseline -0.005 -10"><span class='ocrx_word' id='word_1_21' title='bbox 34 410 58 434; x_wconf 65' lang='lat'>=-²</span> <span class='ocrx_word' id='word_1_22' title='bbox 91 398 374 453; x_wconf 77' lang='lat' dir='ltr'>inmonuntur</span> <span class='ocrx_word' id='word_1_23' title='bbox 396 395 519 451; x_wconf 81' lang='lat' dir='ltr'>aquis</span> <span class='ocrx_word' id='word_1_24' title='bbox 541 419 601 426; x_wconf 90' lang='lat'>—</span> <span class='ocrx_word' id='word_1_25' title='bbox 623 395 776 451; x_wconf 85' lang='lat' dir='ltr'>aliquis</span> <span class='ocrx_word' id='word_1_26' title='bbox 801 403 944 439; x_wconf 89' lang='lat' dir='ltr'>tamen</span> <span class='ocrx_word' id='word_1_27' title='bbox 968 395 1110 437; x_wconf 87' lang='lat' dir='ltr'>haurit</span> <span class='ocrx_word' id='word_1_28' title='bbox 1133 402 1175 438; x_wconf 91' lang='lat' dir='ltr'>et</span> <span class='ocrx_word' id='word_1_29' title='bbox 1197 394 1304 437; x_wconf 83' lang='lat' dir='ltr'>illas.</span> 
     </span>
     <span class='ocr_line' id='line_1_9' title="bbox 59 452 1059 520; baseline -0.005 -21"><span class='ocrx_word' id='word_1_30' title='bbox 59 463 61 467; x_wconf 90' lang='lat'>&#39;</span> <span class='ocrx_word' id='word_1_31' title='bbox 90 460 296 520; x_wconf 67' lang='lat' dir='ltr'>tntaque</span> <span class='ocrx_word' id='word_1_32' title='bbox 320 459 419 496; x_wconf 85' lang='lat' dir='ltr'>sunt</span> <span class='ocrx_word' id='word_1_33' title='bbox 441 452 605 495; x_wconf 87' lang='lat' dir='ltr'>miseris</span> <span class='ocrx_word' id='word_1_34' title='bbox 629 452 755 495; x_wconf 89' lang='lat' dir='ltr'>invisi</span> <span class='ocrx_word' id='word_1_35' title='bbox 778 452 919 495; x_wconf 87' lang='lat' dir='ltr'>taedia.</span> <span class='ocrx_word' id='word_1_36' title='bbox 941 452 1059 495; x_wconf 86' lang='lat' dir='ltr'>lecti:</span> 
     </span>
     <span class='ocr_line' id='line_1_10' title="bbox 45 509 1140 570; baseline -0.004 -16"><span class='ocrx_word' id='word_1_37' title='bbox 45 542 57 561; x_wconf 27' lang='grc' dir='ltr'>ξ</span> <span class='ocrx_word' id='word_1_38' title='bbox 90 509 334 570; x_wconf 73' lang='lat' dir='ltr'>prosiliunt,</span> <span class='ocrx_word' id='word_1_39' title='bbox 358 516 434 552; x_wconf 86' lang='lat' dir='ltr'>aut</span> <span class='ocrx_word' id='word_1_40' title='bbox 455 509 491 552; x_wconf 88' lang='lat' dir='ltr'>si</span> <span class='ocrx_word' id='word_1_41' title='bbox 514 509 741 566; x_wconf 89' lang='lat' dir='ltr'>prohibent</span> <span class='ocrx_word' id='word_1_42' title='bbox 763 509 991 552; x_wconf 79' lang='lat' dir='ltr'><strong>consistere</strong></span> <span class='ocrx_word' id='word_1_43' title='bbox 1015 509 1140 558; x_wconf 88' lang='lat' dir='ltr'>vires,</span> 
     </span>
     <span class='ocr_line' id='line_1_11' title="bbox 88 565 1331 625; baseline -0.004 -12"><span class='ocrx_word' id='word_1_44' title='bbox 88 570 270 625; x_wconf 74' lang='lat' dir='ltr'>corpora</span> <span class='ocrx_word' id='word_1_45' title='bbox 293 565 524 609; x_wconf 86' lang='lat' dir='ltr'>devolvunt</span> <span class='ocrx_word' id='word_1_46' title='bbox 546 566 591 608; x_wconf 92' lang='lat' dir='ltr'>in</span> <span class='ocrx_word' id='word_1_47' title='bbox 615 566 807 608; x_wconf 91' lang='lat' dir='ltr'>humum.</span> <span class='ocrx_word' id='word_1_48' title='bbox 865 565 1122 622; x_wconf 89' lang='lat' dir='ltr'>fugiuntque</span> <span class='ocrx_word' id='word_1_49' title='bbox 1144 565 1331 608; x_wconf 82' lang='lat' dir='ltr'>Penates</span> 
     </span>
     <span class='ocr_line' id='line_1_12' title="bbox 89 621 1561 681; baseline 0 -13"><span class='ocrx_word' id='word_1_50' title='bbox 89 624 273 681; x_wconf 77' lang='lat' dir='ltr'>quisque</span> <span class='ocrx_word' id='word_1_51' title='bbox 297 637 416 674; x_wconf 86' lang='lat' dir='ltr'>suos,</span> <span class='ocrx_word' id='word_1_52' title='bbox 441 637 519 665; x_wconf 83' lang='lat' dir='ltr'>sua</span> <span class='ocrx_word' id='word_1_53' title='bbox 542 622 697 677; x_wconf 90' lang='lat' dir='ltr'>cuique</span> <span class='ocrx_word' id='word_1_54' title='bbox 722 623 873 665; x_wconf 90' lang='lat' dir='ltr'>domus</span> <span class='ocrx_word' id='word_1_55' title='bbox 897 622 1067 664; x_wconf 84' lang='lat' dir='ltr'>funesta</span> <span class='ocrx_word' id='word_1_56' title='bbox 1091 621 1277 664; x_wconf 67' lang='lat' dir='ltr'>videtum</span> <span class='ocrx_word' id='word_1_57' title='bbox 1492 636 1561 668; x_wconf 83' lang='lat'>575</span> 
     </span>
     <span class='ocr_line' id='line_1_13' title="bbox 88 678 1215 736; baseline -0.004 -11.18"><span class='ocrx_word' id='word_1_58' title='bbox 88 688 136 726; x_wconf 78' lang='lat' dir='ltr'>et</span> <span class='ocrx_word' id='word_1_59' title='bbox 156 679 259 736; x_wconf 73' lang='lat' dir='ltr'>quia</span> <span class='ocrx_word' id='word_1_60' title='bbox 281 694 411 723; x_wconf 82' lang='lat' dir='ltr'>causa</span> <span class='ocrx_word' id='word_1_61' title='bbox 432 680 556 730; x_wconf 82' lang='lat' dir='ltr'>latet,</span> <span class='ocrx_word' id='word_1_62' title='bbox 579 680 698 721; x_wconf 88' lang='lat' dir='ltr'>locus</span> <span class='ocrx_word' id='word_1_63' title='bbox 722 686 787 722; x_wconf 90' lang='lat' dir='ltr'>est</span> <span class='ocrx_word' id='word_1_64' title='bbox 809 679 854 721; x_wconf 92' lang='lat' dir='ltr'>in</span> <span class='ocrx_word' id='word_1_65' title='bbox 879 678 1052 721; x_wconf 89' lang='lat' dir='ltr'>crimine</span> <span class='ocrx_word' id='word_1_66' title='bbox 1076 686 1215 721; x_wconf 87' lang='lat' dir='ltr'>notus.</span> 
     </span>
     <span class='ocr_line' id='line_1_14' title="bbox 92 735 1148 786; baseline -0.005 -5"><span class='ocrx_word' id='word_1_67' title='bbox 92 736 360 785; x_wconf 70' lang='lat' dir='ltr'>semianimes</span> <span class='ocrx_word' id='word_1_68' title='bbox 384 750 525 779; x_wconf 85' lang='lat' dir='ltr'>errare</span> <span class='ocrx_word' id='word_1_69' title='bbox 549 735 650 786; x_wconf 88' lang='lat' dir='ltr'>viis,</span> <span class='ocrx_word' id='word_1_70' title='bbox 674 736 777 778; x_wconf 91' lang='lat' dir='ltr'>dum</span> <span class='ocrx_word' id='word_1_71' title='bbox 802 743 912 778; x_wconf 86' lang='lat' dir='ltr'>stare</span> <span class='ocrx_word' id='word_1_72' title='bbox 936 735 1148 785; x_wconf 86' lang='lat' dir='ltr'>valebant,</span> 
     </span>
     <span class='ocr_line' id='line_1_15' title="bbox 89 792 1055 852; baseline -0.004 -14"><span class='ocrx_word' id='word_1_73' title='bbox 89 794 321 852; x_wconf 51' lang='lat' dir='ltr'>aspicerem</span> <span class='ocrx_word' id='word_1_74' title='bbox 345 793 495 836; x_wconf 83' lang='lat' dir='ltr'>flentes</span> <span class='ocrx_word' id='word_1_75' title='bbox 519 792 624 835; x_wconf 87' lang='lat' dir='ltr'>alios</span> <span class='ocrx_word' id='word_1_76' title='bbox 648 799 846 847; x_wconf 88' lang='lat' dir='ltr'>terraque</span> <span class='ocrx_word' id='word_1_77' title='bbox 869 792 1055 835; x_wconf 88' lang='lat' dir='ltr'>iacentes</span> 
     </span>
     <span class='ocr_line' id='line_1_16' title="bbox 89 848 1092 906; baseline -0.006 -10"><span class='ocrx_word' id='word_1_78' title='bbox 89 851 287 906; x_wconf 75' lang='lat' dir='ltr'>lassaque</span> <span class='ocrx_word' id='word_1_79' title='bbox 310 857 528 894; x_wconf 86' lang='lat' dir='ltr'>versantes</span> <span class='ocrx_word' id='word_1_80' title='bbox 552 863 750 906; x_wconf 89' lang='lat' dir='ltr'>supremo</span> <span class='ocrx_word' id='word_1_81' title='bbox 773 848 936 891; x_wconf 84' lang='lat' dir='ltr'>lumina</span> <span class='ocrx_word' id='word_1_82' title='bbox 959 856 1092 891; x_wconf 89' lang='lat' dir='ltr'>motu.</span> 
     </span>
     <span class='ocr_line' id='line_1_17' title="bbox 46 905 1563 973; baseline -0.004 -21"><span class='ocrx_word' id='word_1_83' title='bbox 46 915 48 918; x_wconf 78' lang='grc'>’</span> <span class='ocrx_word' id='word_1_84' title='bbox 90 907 367 963; x_wconf 79' lang='lat' dir='ltr'>membraque</span> <span class='ocrx_word' id='word_1_85' title='bbox 390 905 605 973; x_wconf 86' lang='lat' dir='ltr'>perdentis</span> <span class='ocrx_word' id='word_1_86' title='bbox 629 906 808 948; x_wconf 90' lang='lat' dir='ltr'>tendunt</span> <span class='ocrx_word' id='word_1_87' title='bbox 832 906 888 948; x_wconf 86' lang='lat' dir='ltr'>ad</span> <span class='ocrx_word' id='word_1_88' title='bbox 912 905 1050 948; x_wconf 85' lang='lat' dir='ltr'>sidera</span> <span class='ocrx_word' id='word_1_89' title='bbox 1074 905 1193 956; x_wconf 88' lang='lat' dir='ltr'>caeli,</span> <span class='ocrx_word' id='word_1_90' title='bbox 1494 920 1563 953; x_wconf 84' lang='lat'>580</span> 
     </span>
     <span class='ocr_line' id='line_1_18' title="bbox 89 962 1128 1019; baseline -0.005 -10"><span class='ocrx_word' id='word_1_91' title='bbox 89 964 181 1016; x_wconf 86' lang='lat' dir='ltr'>hic,</span> <span class='ocrx_word' id='word_1_92' title='bbox 203 963 309 1014; x_wconf 88' lang='lat' dir='ltr'>illic,</span> <span class='ocrx_word' id='word_1_93' title='bbox 334 963 411 1006; x_wconf 75' lang='lat' dir='ltr'>ubl</span> <span class='ocrx_word' id='word_1_94' title='bbox 433 977 548 1006; x_wconf 88' lang='lat' dir='ltr'>mors</span> <span class='ocrx_word' id='word_1_95' title='bbox 573 962 873 1019; x_wconf 85' lang='lat' dir='ltr'>deprenderat,</span> <span class='ocrx_word' id='word_1_96' title='bbox 898 963 1128 1005; x_wconf 87' lang='lat' dir='ltr'>exalantes.</span> 
     </span>
     <span class='ocr_line' id='line_1_19' title="bbox 87 1019 1256 1078; baseline -0.003 -13"><span class='ocrx_word' id='word_1_97' title='bbox 87 1021 196 1078; x_wconf 88' lang='lat' dir='ltr'>quid</span> <span class='ocrx_word' id='word_1_98' title='bbox 218 1020 322 1064; x_wconf 89' lang='lat' dir='ltr'>mihi</span> <span class='ocrx_word' id='word_1_99' title='bbox 345 1028 448 1063; x_wconf 89' lang='lat' dir='ltr'>tunc</span> <span class='ocrx_word' id='word_1_100' title='bbox 472 1020 603 1063; x_wconf 84' lang='lat' dir='ltr'>animi</span> <span class='ocrx_word' id='word_1_101' title='bbox 626 1019 734 1062; x_wconf 86' lang='lat' dir='ltr'>fuit?</span> <span class='ocrx_word' id='word_1_102' title='bbox 758 1035 813 1062; x_wconf 89' lang='lat' dir='ltr'>an</span> <span class='ocrx_word' id='word_1_103' title='bbox 837 1019 953 1074; x_wconf 92' lang='lat' dir='ltr'>quod</span> <span class='ocrx_word' id='word_1_104' title='bbox 978 1019 1125 1062; x_wconf 85' lang='lat' dir='ltr'>debuit</span> <span class='ocrx_word' id='word_1_105' title='bbox 1149 1034 1256 1070; x_wconf 87' lang='lat' dir='ltr'>esse,</span> 
     </span>
     <span class='ocr_line' id='line_1_20' title="bbox 89 1076 1273 1133; baseline -0.003 -12"><span class='ocrx_word' id='word_1_106' title='bbox 89 1085 140 1122; x_wconf 88' lang='lat' dir='ltr'>ut</span> <span class='ocrx_word' id='word_1_107' title='bbox 161 1077 294 1121; x_wconf 79' lang='lat' dir='ltr'>vitam</span> <span class='ocrx_word' id='word_1_108' title='bbox 317 1077 502 1121; x_wconf 88' lang='lat' dir='ltr'>odissem</span> <span class='ocrx_word' id='word_1_109' title='bbox 526 1084 569 1120; x_wconf 93' lang='lat' dir='ltr'>et</span> <span class='ocrx_word' id='word_1_110' title='bbox 592 1091 790 1133; x_wconf 89' lang='lat' dir='ltr'>cuperem</span> <span class='ocrx_word' id='word_1_111' title='bbox 815 1091 914 1133; x_wconf 86' lang='lat' dir='ltr'>pars</span> <span class='ocrx_word' id='word_1_112' title='bbox 939 1091 1031 1119; x_wconf 84' lang='lat' dir='ltr'>esse</span> <span class='ocrx_word' id='word_1_113' title='bbox 1054 1076 1273 1118; x_wconf 87' lang='lat' dir='ltr'>meorum?</span> 
     </span>
     <span class='ocr_line' id='line_1_21' title="bbox 88 1133 1164 1192; baseline -0.003 -14"><span class='ocrx_word' id='word_1_114' title='bbox 88 1149 177 1192; x_wconf 87' lang='lat' dir='ltr'>quo</span> <span class='ocrx_word' id='word_1_115' title='bbox 200 1149 247 1178; x_wconf 88' lang='lat' dir='ltr'>se</span> <span class='ocrx_word' id='word_1_116' title='bbox 270 1148 454 1190; x_wconf 91' lang='lat' dir='ltr'>cumque</span> <span class='ocrx_word' id='word_1_117' title='bbox 478 1134 591 1177; x_wconf 83' lang='lat' dir='ltr'>acies</span> <span class='ocrx_word' id='word_1_118' title='bbox 616 1134 835 1176; x_wconf 86' lang='lat' dir='ltr'>oculorum</span> <span class='ocrx_word' id='word_1_119' title='bbox 859 1134 1053 1183; x_wconf 85' lang='lat' dir='ltr'>flexerat,</span> <span class='ocrx_word' id='word_1_120' title='bbox 1078 1133 1164 1175; x_wconf 91' lang='lat' dir='ltr'>illic</span> 
     </span>
     <span class='ocr_line' id='line_1_22' title="bbox 90 1190 1561 1249; baseline -0.003 -13"><span class='ocrx_word' id='word_1_121' title='bbox 90 1192 248 1249; x_wconf 78' lang='lat' dir='ltr'>vulgus</span> <span class='ocrx_word' id='word_1_122' title='bbox 270 1198 362 1234; x_wconf 84' lang='lat' dir='ltr'>erat</span> <span class='ocrx_word' id='word_1_123' title='bbox 384 1198 582 1241; x_wconf 85' lang='lat' dir='ltr'>stratum,</span> <span class='ocrx_word' id='word_1_124' title='bbox 607 1190 739 1233; x_wconf 88' lang='lat' dir='ltr'>veluti</span> <span class='ocrx_word' id='word_1_125' title='bbox 763 1205 861 1233; x_wconf 88' lang='lat' dir='ltr'>cum</span> <span class='ocrx_word' id='word_1_126' title='bbox 885 1191 1026 1246; x_wconf 88' lang='lat' dir='ltr'>putria</span> <span class='ocrx_word' id='word_1_127' title='bbox 1050 1190 1175 1233; x_wconf 84' lang='lat' dir='ltr'>motis</span> <span class='ocrx_word' id='word_1_128' title='bbox 1494 1205 1561 1237; x_wconf 89' lang='lat'>585</span> 
     </span>
     <span class='ocr_line' id='line_1_23' title="bbox 89 1247 1178 1307; baseline -0.003 -15"><span class='ocrx_word' id='word_1_129' title='bbox 89 1263 219 1307; x_wconf 82' lang='lat' dir='ltr'>poma</span> <span class='ocrx_word' id='word_1_130' title='bbox 241 1248 401 1292; x_wconf 82' lang='lat' dir='ltr'>cadunt</span> <span class='ocrx_word' id='word_1_131' title='bbox 422 1248 572 1298; x_wconf 87' lang='lat' dir='ltr'>ramis,</span> <span class='ocrx_word' id='word_1_132' title='bbox 597 1247 843 1304; x_wconf 85' lang='lat' dir='ltr'>agitataque</span> <span class='ocrx_word' id='word_1_133' title='bbox 866 1247 962 1290; x_wconf 85' lang='lat' dir='ltr'>ilice</span> <span class='ocrx_word' id='word_1_134' title='bbox 986 1247 1178 1303; x_wconf 84' lang='lat' dir='ltr'>glandes.</span> 
     </span>
     <span class='ocr_line' id='line_1_24' title="bbox 16 1304 1195 1363; baseline -0.003 -13"><span class='ocrx_word' id='word_1_135' title='bbox 16 1320 18 1322; x_wconf 84' lang='lat'>·</span> <span class='ocrx_word' id='word_1_136' title='bbox 89 1306 251 1363; x_wconf 81' lang='lat' dir='ltr'>templa</span> <span class='ocrx_word' id='word_1_137' title='bbox 272 1305 392 1348; x_wconf 87' lang='lat' dir='ltr'>vides</span> <span class='ocrx_word' id='word_1_138' title='bbox 416 1312 563 1348; x_wconf 86' lang='lat' dir='ltr'>contra</span> <span class='ocrx_word' id='word_1_139' title='bbox 585 1304 790 1361; x_wconf 85' lang='lat' dir='ltr'>gradibus</span> <span class='ocrx_word' id='word_1_140' title='bbox 815 1304 1014 1346; x_wconf 87' lang='lat' dir='ltr'>sublimia</span> <span class='ocrx_word' id='word_1_141' title='bbox 1035 1304 1195 1360; x_wconf 84' lang='lat' dir='ltr'>longis:</span> 
     </span>
     <span class='ocr_line' id='line_1_25' title="bbox 89 1361 1129 1430; baseline -0.004 -24"><span class='ocrx_word' id='word_1_142' title='bbox 89 1362 284 1430; x_wconf 82' lang='lat' dir='ltr'>Iuppiter</span> <span class='ocrx_word' id='word_1_143' title='bbox 305 1362 379 1404; x_wconf 82' lang='lat' dir='ltr'>illa</span> <span class='ocrx_word' id='word_1_144' title='bbox 402 1368 530 1405; x_wconf 90' lang='lat' dir='ltr'>tenet.</span> <span class='ocrx_word' id='word_1_145' title='bbox 589 1361 684 1416; x_wconf 90' lang='lat' dir='ltr'>quis</span> <span class='ocrx_word' id='word_1_146' title='bbox 708 1375 794 1403; x_wconf 90' lang='lat' dir='ltr'>non</span> <span class='ocrx_word' id='word_1_147' title='bbox 819 1361 1023 1403; x_wconf 85' lang='lat' dir='ltr'>altaribus</span> <span class='ocrx_word' id='word_1_148' title='bbox 1048 1361 1129 1403; x_wconf 88' lang='lat' dir='ltr'>illis</span> 
     </span>
     <span class='ocr_line' id='line_1_26' title="bbox 89 1418 1242 1474; baseline -0.003 -11"><span class='ocrx_word' id='word_1_149' title='bbox 89 1419 211 1463; x_wconf 73' lang='lat' dir='ltr'>irrita</span> <span class='ocrx_word' id='word_1_150' title='bbox 232 1426 329 1462; x_wconf 77' lang='lat' dir='ltr'>tura</span> <span class='ocrx_word' id='word_1_151' title='bbox 351 1419 492 1462; x_wconf 78' lang='lat' dir='ltr'>dedit?</span> <span class='ocrx_word' id='word_1_152' title='bbox 515 1419 710 1474; x_wconf 88' lang='lat' dir='ltr'>quotiens</span> <span class='ocrx_word' id='word_1_153' title='bbox 735 1433 812 1474; x_wconf 87' lang='lat' dir='ltr'>pro</span> <span class='ocrx_word' id='word_1_154' title='bbox 837 1418 1017 1474; x_wconf 86' lang='lat' dir='ltr'>coniuge</span> <span class='ocrx_word' id='word_1_155' title='bbox 1043 1418 1242 1469; x_wconf 89' lang='lat' dir='ltr'>coniunx,</span> 
     </span>
     <span class='ocr_line' id='line_1_27' title="bbox 89 1475 1564 1543; baseline -0.003 -24"><span class='ocrx_word' id='word_1_156' title='bbox 89 1490 168 1534; x_wconf 88' lang='lat' dir='ltr'>pro</span> <span class='ocrx_word' id='word_1_157' title='bbox 191 1483 323 1533; x_wconf 85' lang='lat' dir='ltr'>gnato</span> <span class='ocrx_word' id='word_1_158' title='bbox 345 1475 527 1543; x_wconf 82' lang='lat' dir='ltr'>genitor,</span> <span class='ocrx_word' id='word_1_159' title='bbox 552 1476 654 1518; x_wconf 91' lang='lat' dir='ltr'>dum</span> <span class='ocrx_word' id='word_1_160' title='bbox 679 1475 811 1517; x_wconf 90' lang='lat' dir='ltr'>verba</span> <span class='ocrx_word' id='word_1_161' title='bbox 834 1475 1051 1531; x_wconf 87' lang='lat' dir='ltr'>precantia</span> <span class='ocrx_word' id='word_1_162' title='bbox 1075 1475 1190 1526; x_wconf 86' lang='lat' dir='ltr'>dicit,</span> <span class='ocrx_word' id='word_1_163' title='bbox 1494 1489 1564 1522; x_wconf 87' lang='lat'>590</span> 
     </span>
     <span class='ocr_line' id='line_1_28' title="bbox 89 1532 940 1582; baseline -0.004 -6"><span class='ocrx_word' id='word_1_164' title='bbox 89 1547 176 1576; x_wconf 91' lang='lat' dir='ltr'>non</span> <span class='ocrx_word' id='word_1_165' title='bbox 200 1539 383 1576; x_wconf 75' lang='lat' dir='ltr'>exorans</span> <span class='ocrx_word' id='word_1_166' title='bbox 406 1532 593 1575; x_wconf 84' lang='lat' dir='ltr'>animam</span> <span class='ocrx_word' id='word_1_167' title='bbox 615 1532 752 1574; x_wconf 88' lang='lat' dir='ltr'>finivit</span> <span class='ocrx_word' id='word_1_168' title='bbox 776 1532 820 1573; x_wconf 89' lang='lat' dir='ltr'>in</span> <span class='ocrx_word' id='word_1_169' title='bbox 845 1532 940 1582; x_wconf 86' lang='lat' dir='ltr'>aris,</span> 
     </span>
     <span class='ocr_line' id='line_1_29' title="bbox 88 1588 1241 1646; baseline -0.003 -12"><span class='ocrx_word' id='word_1_170' title='bbox 88 1590 220 1646; x_wconf 84' lang='lat' dir='ltr'>inque</span> <span class='ocrx_word' id='word_1_171' title='bbox 242 1604 374 1632; x_wconf 82' lang='lat' dir='ltr'>manu</span> <span class='ocrx_word' id='word_1_172' title='bbox 396 1589 502 1632; x_wconf 91' lang='lat' dir='ltr'>turis</span> <span class='ocrx_word' id='word_1_173' title='bbox 525 1604 624 1646; x_wconf 85' lang='lat' dir='ltr'>pars</span> <span class='ocrx_word' id='word_1_174' title='bbox 647 1589 945 1645; x_wconf 86' lang='lat' dir='ltr'>inconsumpta</span> <span class='ocrx_word' id='word_1_175' title='bbox 967 1596 1134 1644; x_wconf 87' lang='lat' dir='ltr'>reperta</span> <span class='ocrx_word' id='word_1_176' title='bbox 1158 1588 1241 1631; x_wconf 77' lang='lat' dir='ltr'>est!</span> 
     </span>
     <span class='ocr_line' id='line_1_30' title="bbox 13 1645 1157 1703; baseline -0.003 -12"><span class='ocrx_word' id='word_1_177' title='bbox 13 1650 38 1663; x_wconf 59' lang='lat'><em>⁹</em></span> <span class='ocrx_word' id='word_1_178' title='bbox 89 1647 253 1691; x_wconf 73' lang='lat' dir='ltr'>admoti</span> <span class='ocrx_word' id='word_1_179' title='bbox 276 1646 471 1702; x_wconf 84' lang='lat' dir='ltr'>quotiens</span> <span class='ocrx_word' id='word_1_180' title='bbox 495 1645 683 1703; x_wconf 86' lang='lat' dir='ltr'>templis,</span> <span class='ocrx_word' id='word_1_181' title='bbox 708 1646 811 1687; x_wconf 90' lang='lat' dir='ltr'>dum</span> <span class='ocrx_word' id='word_1_182' title='bbox 835 1654 935 1687; x_wconf 87' lang='lat' dir='ltr'>vota</span> <span class='ocrx_word' id='word_1_183' title='bbox 961 1646 1157 1688; x_wconf 82' lang='lat' dir='ltr'>sacerdos</span> 
     </span>
     <span class='ocr_line' id='line_1_31' title="bbox 89 1702 1186 1760; baseline -0.003 -13.151"><span class='ocrx_word' id='word_1_184' title='bbox 89 1703 277 1760; x_wconf 81' lang='lat' dir='ltr'>concipit</span> <span class='ocrx_word' id='word_1_185' title='bbox 299 1711 343 1747; x_wconf 90' lang='lat' dir='ltr'>et</span> <span class='ocrx_word' id='word_1_186' title='bbox 365 1703 506 1746; x_wconf 85' lang='lat' dir='ltr'>fundit</span> <span class='ocrx_word' id='word_1_187' title='bbox 528 1718 685 1759; x_wconf 89' lang='lat' dir='ltr'>purum</span> <span class='ocrx_word' id='word_1_188' title='bbox 708 1703 819 1746; x_wconf 90' lang='lat' dir='ltr'>inter</span> <span class='ocrx_word' id='word_1_189' title='bbox 843 1717 1002 1744; x_wconf 89' lang='lat' dir='ltr'>cornua</span> <span class='ocrx_word' id='word_1_190' title='bbox 1024 1702 1186 1753; x_wconf 90' lang='lat' dir='ltr'>vinum,</span> 
     </span>
     <span class='ocr_line' id='line_1_32' title="bbox 89 1758 1561 1817; baseline -0.003 -13"><span class='ocrx_word' id='word_1_191' title='bbox 89 1760 207 1804; x_wconf 75' lang='lat' dir='ltr'>haud</span> <span class='ocrx_word' id='word_1_192' title='bbox 230 1767 452 1817; x_wconf 83' lang='lat' dir='ltr'>expectato</span> <span class='ocrx_word' id='word_1_193' title='bbox 477 1760 720 1802; x_wconf 85' lang='lat' dir='ltr'>ceciderunt</span> <span class='ocrx_word' id='word_1_194' title='bbox 744 1760 919 1802; x_wconf 88' lang='lat' dir='ltr'>vulnere</span> <span class='ocrx_word' id='word_1_195' title='bbox 943 1758 1074 1801; x_wconf 78' lang='lat' dir='ltr'>tauri!</span> <span class='ocrx_word' id='word_1_196' title='bbox 1492 1775 1561 1807; x_wconf 84' lang='lat'>595</span> 
     </span>
     <span class='ocr_line' id='line_1_33' title="bbox 89 1816 1250 1876; baseline -0.003 -14"><span class='ocrx_word' id='word_1_197' title='bbox 89 1817 182 1876; x_wconf 83' lang='lat' dir='ltr'>ipse</span> <span class='ocrx_word' id='word_1_198' title='bbox 205 1831 287 1874; x_wconf 90' lang='lat' dir='ltr'>ego</span> <span class='ocrx_word' id='word_1_199' title='bbox 311 1831 431 1860; x_wconf 80' lang='lat' dir='ltr'>sacra</span> <span class='ocrx_word' id='word_1_200' title='bbox 453 1817 548 1859; x_wconf 89' lang='lat' dir='ltr'>Iovi</span> <span class='ocrx_word' id='word_1_201' title='bbox 571 1831 648 1873; x_wconf 87' lang='lat' dir='ltr'>pro</span> <span class='ocrx_word' id='word_1_202' title='bbox 671 1832 741 1859; x_wconf 91' lang='lat' dir='ltr'>me</span> <span class='ocrx_word' id='word_1_203' title='bbox 764 1816 985 1872; x_wconf 87' lang='lat' dir='ltr'>patriaque</span> <span class='ocrx_word' id='word_1_204' title='bbox 1010 1816 1250 1871; x_wconf 68' lang='lat' dir='ltr'>tribusque}</span> 
     </span>
     <span class='ocr_line' id='line_1_34' title="bbox 88 1872 1097 1930; baseline -0.004 -11"><span class='ocrx_word' id='word_1_205' title='bbox 88 1889 190 1919; x_wconf 86' lang='lat' dir='ltr'>cum</span> <span class='ocrx_word' id='word_1_206' title='bbox 212 1874 398 1917; x_wconf 80' lang='lat' dir='ltr'>facerem</span> <span class='ocrx_word' id='word_1_207' title='bbox 421 1873 551 1924; x_wconf 86' lang='lat' dir='ltr'>natis,</span> <span class='ocrx_word' id='word_1_208' title='bbox 574 1873 764 1930; x_wconf 86' lang='lat' dir='ltr'>mugitus</span> <span class='ocrx_word' id='word_1_209' title='bbox 789 1873 960 1916; x_wconf 87' lang='lat' dir='ltr'>victima</span> <span class='ocrx_word' id='word_1_210' title='bbox 983 1872 1097 1915; x_wconf 90' lang='lat' dir='ltr'>diros</span> 
     </span>
     <span class='ocr_line' id='line_1_35' title="bbox 88 1930 1077 1987; baseline -0.004 -12"><span class='ocrx_word' id='word_1_211' title='bbox 88 1931 224 1976; x_wconf 83' lang='lat' dir='ltr'>edidit</span> <span class='ocrx_word' id='word_1_212' title='bbox 246 1938 289 1974; x_wconf 91' lang='lat' dir='ltr'>et</span> <span class='ocrx_word' id='word_1_213' title='bbox 311 1930 452 1974; x_wconf 87' lang='lat' dir='ltr'>subito</span> <span class='ocrx_word' id='word_1_214' title='bbox 476 1931 664 1987; x_wconf 87' lang='lat' dir='ltr'>collapsa</span> <span class='ocrx_word' id='word_1_215' title='bbox 688 1931 778 1973; x_wconf 89' lang='lat' dir='ltr'>sine</span> <span class='ocrx_word' id='word_1_216' title='bbox 802 1930 956 1972; x_wconf 88' lang='lat' dir='ltr'>ictibus</span> <span class='ocrx_word' id='word_1_217' title='bbox 980 1930 1077 1972; x_wconf 91' lang='lat' dir='ltr'>ullis</span> 
     </span>
     <span class='ocr_line' id='line_1_36' title="bbox 90 1987 1057 2045; baseline -0.002 -14"><span class='ocrx_word' id='word_1_218' title='bbox 90 1989 248 2045; x_wconf 83' lang='lat' dir='ltr'>exiguo</span> <span class='ocrx_word' id='word_1_219' title='bbox 271 1987 396 2030; x_wconf 84' lang='lat' dir='ltr'>tinxit</span> <span class='ocrx_word' id='word_1_220' title='bbox 419 1987 632 2031; x_wconf 87' lang='lat' dir='ltr'>subiectos</span> <span class='ocrx_word' id='word_1_221' title='bbox 657 1988 863 2043; x_wconf 85' lang='lat' dir='ltr'>sanguine</span> <span class='ocrx_word' id='word_1_222' title='bbox 887 1987 1057 2029; x_wconf 85' lang='lat' dir='ltr'>cultros.</span> 
     </span>
     <span class='ocr_line' id='line_1_37' title="bbox 89 2043 1562 2102; baseline -0.001 -14"><span class='ocrx_word' id='word_1_223' title='bbox 89 2045 198 2088; x_wconf 82' lang='lat' dir='ltr'>fibra</span> <span class='ocrx_word' id='word_1_224' title='bbox 221 2059 391 2101; x_wconf 90' lang='lat' dir='ltr'>quoque</span> <span class='ocrx_word' id='word_1_225' title='bbox 415 2059 546 2102; x_wconf 85' lang='lat' dir='ltr'>aegra</span> <span class='ocrx_word' id='word_1_226' title='bbox 567 2052 690 2087; x_wconf 87' lang='lat' dir='ltr'>notas</span> <span class='ocrx_word' id='word_1_227' title='bbox 714 2045 803 2087; x_wconf 89' lang='lat' dir='ltr'>veri</span> <span class='ocrx_word' id='word_1_228' title='bbox 826 2044 1097 2099; x_wconf 89' lang='lat' dir='ltr'>monitusque</span> <span class='ocrx_word' id='word_1_229' title='bbox 1122 2043 1300 2087; x_wconf 90' lang='lat' dir='ltr'>deorum</span> <span class='ocrx_word' id='word_1_230' title='bbox 1493 2061 1562 2093; x_wconf 82' lang='lat'>600</span> 
     </span>
     <span class='ocr_line' id='line_1_38' title="bbox 89 2101 1230 2160; baseline -0.001 -16"><span class='ocrx_word' id='word_1_231' title='bbox 89 2101 345 2160; x_wconf 81' lang='lat' dir='ltr'>perdiderat.</span> <span class='ocrx_word' id='word_1_232' title='bbox 403 2101 543 2144; x_wconf 81' lang='lat' dir='ltr'>tristes</span> <span class='ocrx_word' id='word_1_233' title='bbox 567 2109 789 2158; x_wconf 87' lang='lat' dir='ltr'>penetrant</span> <span class='ocrx_word' id='word_1_234' title='bbox 813 2101 868 2143; x_wconf 88' lang='lat' dir='ltr'>ad</span> <span class='ocrx_word' id='word_1_235' title='bbox 892 2102 1056 2143; x_wconf 86' lang='lat' dir='ltr'>viscera</span> <span class='ocrx_word' id='word_1_236' title='bbox 1079 2101 1230 2143; x_wconf 86' lang='lat' dir='ltr'>morbi.</span> 
     </span>
     <span class='ocr_line' id='line_1_39' title="bbox 89 2158 1087 2215; baseline -0.003 -12"><span class='ocrx_word' id='word_1_237' title='bbox 89 2166 190 2203; x_wconf 77' lang='lat' dir='ltr'>ante</span> <span class='ocrx_word' id='word_1_238' title='bbox 207 2173 354 2202; x_wconf 79' lang='lat' dir='ltr'>sacros</span> <span class='ocrx_word' id='word_1_239' title='bbox 378 2158 466 2201; x_wconf 88' lang='lat' dir='ltr'>vidi</span> <span class='ocrx_word' id='word_1_240' title='bbox 488 2159 677 2215; x_wconf 85' lang='lat' dir='ltr'>proiecta</span> <span class='ocrx_word' id='word_1_241' title='bbox 700 2159 910 2201; x_wconf 84' lang='lat' dir='ltr'>cadavera</span> <span class='ocrx_word' id='word_1_242' title='bbox 932 2167 1087 2214; x_wconf 87' lang='lat' dir='ltr'>postes,</span> 
     </span>
     <span class='ocr_line' id='line_1_40' title="bbox 89 2215 1143 2273; baseline -0.003 -14"><span class='ocrx_word' id='word_1_243' title='bbox 89 2222 189 2260; x_wconf 80' lang='lat' dir='ltr'>ante</span> <span class='ocrx_word' id='word_1_244' title='bbox 210 2215 346 2273; x_wconf 82' lang='lat' dir='ltr'>ipsas,</span> <span class='ocrx_word' id='word_1_245' title='bbox 370 2229 456 2271; x_wconf 92' lang='lat' dir='ltr'>quo</span> <span class='ocrx_word' id='word_1_246' title='bbox 480 2230 593 2258; x_wconf 90' lang='lat' dir='ltr'>mors</span> <span class='ocrx_word' id='word_1_247' title='bbox 617 2215 728 2258; x_wconf 88' lang='lat' dir='ltr'>foret</span> <span class='ocrx_word' id='word_1_248' title='bbox 750 2216 1010 2264; x_wconf 88' lang='lat' dir='ltr'>invidiosior,</span> <span class='ocrx_word' id='word_1_249' title='bbox 1035 2230 1143 2257; x_wconf 87' lang='lat' dir='ltr'>aras.</span> 
     </span>
     <span class='ocr_line' id='line_1_41' title="bbox 89 2271 1277 2330; baseline -0.002 -14"><span class='ocrx_word' id='word_1_250' title='bbox 89 2286 188 2330; x_wconf 83' lang='lat' dir='ltr'>pars</span> <span class='ocrx_word' id='word_1_251' title='bbox 212 2272 398 2316; x_wconf 83' lang='lat' dir='ltr'>animam</span> <span class='ocrx_word' id='word_1_252' title='bbox 419 2273 574 2328; x_wconf 87' lang='lat' dir='ltr'>laqueo</span> <span class='ocrx_word' id='word_1_253' title='bbox 599 2273 801 2315; x_wconf 89' lang='lat' dir='ltr'>claudunt</span> <span class='ocrx_word' id='word_1_254' title='bbox 827 2272 1058 2326; x_wconf 87' lang='lat' dir='ltr'>mortisque</span> <span class='ocrx_word' id='word_1_255' title='bbox 1081 2271 1277 2314; x_wconf 88' lang='lat' dir='ltr'>timorem</span> 
     </span>
     <span class='ocr_line' id='line_1_42' title="bbox 90 2328 1560 2386; baseline -0.002 -14"><span class='ocrx_word' id='word_1_256' title='bbox 90 2337 226 2373; x_wconf 86' lang='lat' dir='ltr'>morte</span> <span class='ocrx_word' id='word_1_257' title='bbox 248 2329 403 2386; x_wconf 84' lang='lat' dir='ltr'>fugant</span> <span class='ocrx_word' id='word_1_258' title='bbox 425 2330 621 2385; x_wconf 90' lang='lat' dir='ltr'>ultroque</span> <span class='ocrx_word' id='word_1_259' title='bbox 645 2340 800 2372; x_wconf 86' lang='lat' dir='ltr'>vocant</span> <span class='ocrx_word' id='word_1_260' title='bbox 824 2329 1036 2371; x_wconf 86' lang='lat' dir='ltr'>venientia</span> <span class='ocrx_word' id='word_1_261' title='bbox 1059 2328 1160 2371; x_wconf 86' lang='lat' dir='ltr'>fata.</span> <span class='ocrx_word' id='word_1_262' title='bbox 1493 2344 1560 2377; x_wconf 85' lang='lat'>605</span> 
     </span>
     <span class='ocr_line' id='line_1_43' title="bbox 88 2386 1587 2444; baseline -0.003 -14"><span class='ocrx_word' id='word_1_263' title='bbox 88 2401 269 2444; x_wconf 83' lang='lat' dir='ltr'>corpora</span> <span class='ocrx_word' id='word_1_264' title='bbox 291 2386 421 2429; x_wconf 86' lang='lat' dir='ltr'>missa</span> <span class='ocrx_word' id='word_1_265' title='bbox 443 2387 538 2430; x_wconf 91' lang='lat' dir='ltr'>neci</span> <span class='ocrx_word' id='word_1_266' title='bbox 562 2386 690 2428; x_wconf 86' lang='lat' dir='ltr'>nullis</span> <span class='ocrx_word' id='word_1_267' title='bbox 714 2387 767 2428; x_wconf 91' lang='lat' dir='ltr'>de</span> <span class='ocrx_word' id='word_1_268' title='bbox 791 2401 908 2428; x_wconf 88' lang='lat' dir='ltr'>more</span> <span class='ocrx_word' id='word_1_269' title='bbox 933 2386 1129 2428; x_wconf 89' lang='lat' dir='ltr'>feruntur</span> <span class='ocrx_word' id='word_1_270' title='bbox 1586 2391 1587 2395; x_wconf 78' lang='grc'>’</span> 
     </span>
     <span class='ocr_line' id='line_1_44' title="bbox 89 2443 1241 2499; baseline -0.002 -12.16"><span class='ocrx_word' id='word_1_271' title='bbox 89 2443 332 2487; x_wconf 85' lang='lat' dir='ltr'>funeribus:</span> <span class='ocrx_word' id='word_1_272' title='bbox 355 2458 495 2498; x_wconf 90' lang='lat' dir='ltr'>neque</span> <span class='ocrx_word' id='word_1_273' title='bbox 519 2444 633 2486; x_wconf 89' lang='lat' dir='ltr'>enim</span> <span class='ocrx_word' id='word_1_274' title='bbox 657 2443 883 2499; x_wconf 87' lang='lat' dir='ltr'>capiebant</span> <span class='ocrx_word' id='word_1_275' title='bbox 906 2443 1057 2485; x_wconf 86' lang='lat' dir='ltr'>funera</span> <span class='ocrx_word' id='word_1_276' title='bbox 1080 2450 1241 2498; x_wconf 85' lang='lat' dir='ltr'>portae.</span> 
     </span>
     <span class='ocr_line' id='line_1_45' title="bbox 89 2499 1282 2557; baseline -0.001 -14"><span class='ocrx_word' id='word_1_277' title='bbox 89 2507 166 2544; x_wconf 77' lang='lat' dir='ltr'>aut</span> <span class='ocrx_word' id='word_1_278' title='bbox 187 2499 408 2543; x_wconf 85' lang='lat' dir='ltr'>inhumata</span> <span class='ocrx_word' id='word_1_279' title='bbox 431 2507 630 2557; x_wconf 90' lang='lat' dir='ltr'>premunt</span> <span class='ocrx_word' id='word_1_280' title='bbox 653 2507 806 2550; x_wconf 86' lang='lat' dir='ltr'>terras,</span> <span class='ocrx_word' id='word_1_281' title='bbox 830 2507 904 2542; x_wconf 85' lang='lat' dir='ltr'>aut</span> <span class='ocrx_word' id='word_1_282' title='bbox 928 2500 1083 2542; x_wconf 87' lang='lat' dir='ltr'>dantur</span> <span class='ocrx_word' id='word_1_283' title='bbox 1106 2499 1150 2541; x_wconf 91' lang='lat' dir='ltr'>in</span> <span class='ocrx_word' id='word_1_284' title='bbox 1174 2500 1282 2542; x_wconf 83' lang='lat' dir='ltr'>altos</span> 
     </span>
     <span class='ocr_line' id='line_1_46' title="bbox 89 2556 1156 2624; baseline -0.003 -23"><span class='ocrx_word' id='word_1_285' title='bbox 89 2557 281 2601; x_wconf 81' lang='lat' dir='ltr'>indotata</span> <span class='ocrx_word' id='word_1_286' title='bbox 302 2571 444 2624; x_wconf 79' lang='lat' dir='ltr'>rogos.</span> <span class='ocrx_word' id='word_1_287' title='bbox 503 2564 546 2600; x_wconf 91' lang='lat' dir='ltr'>et</span> <span class='ocrx_word' id='word_1_288' title='bbox 567 2557 652 2599; x_wconf 84' lang='lat' dir='ltr'>iam</span> <span class='ocrx_word' id='word_1_289' title='bbox 677 2556 911 2599; x_wconf 87' lang='lat' dir='ltr'>reverentia</span> <span class='ocrx_word' id='word_1_290' title='bbox 934 2556 1051 2598; x_wconf 89' lang='lat' dir='ltr'>nulla</span> <span class='ocrx_word' id='word_1_291' title='bbox 1074 2563 1156 2606; x_wconf 88' lang='lat' dir='ltr'>est;</span> 
     </span>
    </p>
   </div>
   <div class='ocr_carea' id='block_1_4' title="bbox 90 2613 1639 2681">
    <p class='ocr_par' dir='ltr' id='par_1_4' title="bbox 90 2613 1639 2681">
     <span class='ocr_line' id='line_1_47' title="bbox 90 2613 1639 2681; baseline -0.002 -23"><span class='ocrx_word' id='word_1_292' title='bbox 90 2614 230 2670; x_wconf 83' lang='lat' dir='ltr'>deque</span> <span class='ocrx_word' id='word_1_293' title='bbox 252 2628 367 2681; x_wconf 69' lang='lat' dir='ltr'>rogis</span> <span class='ocrx_word' id='word_1_294' title='bbox 390 2621 602 2671; x_wconf 86' lang='lat' dir='ltr'>pugnant,</span> <span class='ocrx_word' id='word_1_295' title='bbox 627 2613 858 2668; x_wconf 86' lang='lat' dir='ltr'>alienisque</span> <span class='ocrx_word' id='word_1_296' title='bbox 882 2614 1053 2670; x_wconf 86' lang='lat' dir='ltr'>ignibus</span> <span class='ocrx_word' id='word_1_297' title='bbox 1078 2613 1241 2656; x_wconf 82' lang='lat' dir='ltr'>ardent.</span> <span class='ocrx_word' id='word_1_298' title='bbox 1491 2619 1561 2662; x_wconf 72' lang='lat'>610</span> <span class='ocrx_word' id='word_1_299' title='bbox 1636 2670 1639 2672; x_wconf 8' lang='grc' dir='ltr'>μ</span> 
     </span>
    </p>
   </div>
   <div class='ocr_carea' id='block_1_5' title="bbox 1 2670 1397 2851">
    <p class='ocr_par' dir='ltr' id='par_1_5' title="bbox 1 2670 1397 2851">
     <span class='ocr_line' id='line_1_48' title="bbox 88 2670 1186 2727; baseline -0.002 -13"><span class='ocrx_word' id='word_1_300' title='bbox 88 2671 166 2727; x_wconf 87' lang='lat' dir='ltr'>qui</span> <span class='ocrx_word' id='word_1_301' title='bbox 186 2671 420 2721; x_wconf 70' lang='lat' dir='ltr'>hommem,</span> <span class='ocrx_word' id='word_1_302' title='bbox 445 2671 618 2721; x_wconf 90' lang='lat' dir='ltr'>desunt,</span> <span class='ocrx_word' id='word_1_303' title='bbox 642 2670 952 2726; x_wconf 88' lang='lat' dir='ltr'>indefletaeque</span> <span class='ocrx_word' id='word_1_304' title='bbox 977 2678 1186 2726; x_wconf 84' lang='lat' dir='ltr'>vagantur</span> 
     </span>
     <span class='ocr_line' id='line_1_49' title="bbox 29 2727 1397 2784; baseline 0.001 -13"><span class='ocrx_word' id='word_1_305' title='bbox 29 2731 34 2738; x_wconf 65' lang='lat'><em>²</em></span> <span class='ocrx_word' id='word_1_306' title='bbox 90 2734 371 2784; x_wconf 72' lang='lat' dir='ltr'>natorumque</span> <span class='ocrx_word' id='word_1_307' title='bbox 395 2728 619 2784; x_wconf 88' lang='lat' dir='ltr'>virumque</span> <span class='ocrx_word' id='word_1_308' title='bbox 643 2727 808 2770; x_wconf 82' lang='lat' dir='ltr'>animae</span> <span class='ocrx_word' id='word_1_309' title='bbox 831 2727 1118 2783; x_wconf 90' lang='lat' dir='ltr'>iuvenumque</span> <span class='ocrx_word' id='word_1_310' title='bbox 1143 2742 1397 2784; x_wconf 84' lang='lat' dir='ltr'>senumque:</span> 
     </span>
     <span class='ocr_line' id='line_1_50' title="bbox 1 2784 1270 2851; baseline 0 -22"><span class='ocrx_word' id='word_1_311' title='bbox 1 2843 6 2851; x_wconf 66' lang='lat'><strong><em>,</em></strong></span> <span class='ocrx_word' id='word_1_312' title='bbox 30 2806 33 2810; x_wconf 53' lang='grc'>’</span> <span class='ocrx_word' id='word_1_313' title='bbox 90 2798 171 2829; x_wconf 83' lang='lat' dir='ltr'>nec</span> <span class='ocrx_word' id='word_1_314' title='bbox 192 2785 312 2829; x_wconf 90' lang='lat' dir='ltr'>locus</span> <span class='ocrx_word' id='word_1_315' title='bbox 335 2785 380 2828; x_wconf 91' lang='lat' dir='ltr'>in</span> <span class='ocrx_word' id='word_1_316' title='bbox 403 2785 608 2836; x_wconf 89' lang='lat' dir='ltr'>tumulos,</span> <span class='ocrx_word' id='word_1_317' title='bbox 633 2799 713 2828; x_wconf 91' lang='lat' dir='ltr'>nec</span> <span class='ocrx_word' id='word_1_318' title='bbox 737 2784 894 2828; x_wconf 89' lang='lat' dir='ltr'>sufficit</span> <span class='ocrx_word' id='word_1_319' title='bbox 918 2785 1044 2828; x_wconf 85' lang='lat' dir='ltr'>arbor</span> <span class='ocrx_word' id='word_1_320' title='bbox 1066 2784 1111 2827; x_wconf 91' lang='lat' dir='ltr'>in</span> <span class='ocrx_word' id='word_1_321' title='bbox 1134 2784 1270 2842; x_wconf 88' lang='lat' dir='ltr'>ignes.</span> 
     </span>
    </p>
   </div>
  </div>
 </body>
</html>
