1786 3242
71 163 147 182 εκ

340 250 836 291 METAMORPHOSEON
858 253 956 290 LIB.
980 253 1049 290 XI.
1073 253 1269 291 316—403.

59 335 71 370 s
114 332 194 380 nod
216 331 410 376 trabibus
432 333 575 387 densis
599 334 781 390 lucoque
806 335 1007 378 umbrosa
1031 342 1198 379 vetusto
1205 351 1218 386 3

66 393 75 431 ζ
116 389 323 435 Nereides
345 389 597 446 Nereusque
621 398 780 434 tenent.
838 391 916 434 hos
940 392 1085 435 navita
1107 392 1255 449 templi

69 447 79 478 ·³·
114 446 251 492 edidit
272 460 365 490 esse
389 446 512 497 deos,
537 447 640 490 dum
664 448 770 491 retia
792 448 913 491 litore
938 448 1081 492 siccat.

64 539 66 546 ,
114 504 260 548 iuncta
281 503 407 560 palus
428 502 529 547 huic
553 511 618 548 est
641 504 782 548 densis
807 504 982 548 obsessa
1006 505 1178 558 salictis,

62 578 67 582 ⁴
112 574 246 617 quam
268 560 553 617 restagnantis
576 560 679 604 fecit
702 561 831 604 maris
856 561 972 605 unda
994 562 1208 619 paludem.

54 636 61 640 ·
84 648 86 650 »
112 616 215 661 inde
237 616 410 674 fragore
431 617 554 674 gravi
577 618 726 674 strepit
749 625 792 661 et
814 618 907 661 loca
930 619 1124 675 proxima
1147 627 1276 664 terret

56 720 58 723 ,
114 673 244 718 belua
266 679 408 725 vasta,
430 673 558 730 lupus
565 690 578 724 ς
603 674 804 730 silvisque
828 675 1087 731 palustribus
1112 676 1198 719 exit

56 743 58 762 ³
112 729 271 774 oblitus
294 736 338 774 et
361 731 523 787 spumis
548 738 591 774 et
614 745 786 787 sparsus
809 731 1018 788 sanguine
1041 732 1186 784 rictus,

113 786 363 838 fulmineus,
386 787 518 830 rubra
541 787 730 830 suffusus
754 787 916 830 lumina
938 788 1123 831 flamma.

0 883 1 901 ¹
54 850 59 897 ζ
111 842 190 901 qui
211 857 473 900 quamquam
497 844 633 887 saevit
654 844 813 900 pariter
836 844 1039 900 rabieque
1063 845 1276 902 fameque,

0 904 1 955 ᾖ
54 941 56 944 ,
112 900 252 945 acrior
273 907 340 944 est
361 899 494 944 rabie.
552 915 693 956 neque
718 901 830 944 enim
854 901 1011 944 ieiunia
1035 910 1155 945 curat

50 959 57 1006 'r
111 957 244 1001 caede
269 951 401 1000 boum
423 957 644 1014 diramque
667 957 825 1001 famem
849 958 988 1009 finire,
1013 959 1090 1002 sed
1113 973 1240 1003 omne

12 1063 13 1068 Ἰ
112 1014 310 1059 vulnerat
333 1021 571 1058 armentum
596 1015 828 1070 sternit-que
852 1014 1059 1059 hostiliter
1082 1031 1221 1060 omne.

37 1122 39 1128 ⁴
61 1105 63 1107 .
265 1084 408 1127 noque
433 1071 486 1115 de
509 1072 634 1116 nobis
658 1071 827 1115 funesto
851 1073 996 1116 saucia
1019 1087 1177 1124 morsu,

23 1130 37 1137 “’
110 1085 217 1172 83
235 1085 532 1180 (defensamus,
556 1128 641 1172 leto
665 1135 730 1172 est
754 1129 866 1172 data.
926 1130 1134 1187 sanguine
1158 1130 1259 1174 litus

12 1217 13 1223 ,
46 1237 53 1242 ,.
115 1184 314 1240 undaque
335 1185 474 1242 prima
497 1185 622 1229 rubet
645 1186 974 1243 demugitaeque
997 1187 1188 1244 paludes.

112 1241 189 1286 sed
211 1256 332 1285 mora
355 1241 561 1285 damnosa
584 1250 668 1295 est,
692 1257 772 1286 nec
796 1258 863 1286 res
889 1244 1084 1288 dubitare
1108 1245 1295 1288 remittit.

11 1312 13 1314 ·
54 1296 55 1302 ’
109 1297 216 1342 dum
240 1305 434 1356 superest
456 1299 638 1356 aliquid,
662 1301 803 1343 cuncti
828 1315 1046 1351 coeamus,
1072 1308 1114 1344 et
1138 1317 1270 1353 arma,

107 1370 233 1399 arma
255 1370 528 1413 capessamus
553 1356 863 1412 coniunctaque
888 1358 972 1401 tela
996 1358 1211 1401 feramus!

17 1417 46 1467 *gg
110 1411 277 1456 dixerat
300 1413 492 1470 agrestis.
550 1428 630 1456 nec
653 1413 787 1457 Pelea
811 1414 966 1457 damna
990 1415 1218 1458 movebant
1226 1431 1238 1466 3

27 1470 49 1479 “’
112 1469 208 1520 sed,
232 1484 396 1513 memor
418 1470 605 1521 admissi,
629 1471 671 1513 N
672 1471 815 1514 ere‘i’da
839 1471 1000 1528 colligit
1024 1472 1173 1515 orbam

39 1543 44 1557 ἐ
110 1526 269 1570 damna
293 1542 372 1570 sua
393 1526 567 1570 inferias
592 1528 776 1570 extincto
802 1528 967 1572 mittere
990 1528 1152 1572 Phoco.

36 1625 45 1638 „
110 1583 289 1627 induere
313 1599 432 1626 arma
455 1584 569 1627 viros
593 1584 864 1640 violentaque
889 1601 1055 1629 sumere
1080 1587 1164 1629 tela

111 1655 190 1684 rex
210 1640 331 1683 iubet
355 1639 547 1684 Oetaeus
554 1657 567 1692 ;
592 1656 690 1685 cum
714 1642 808 1697 quis
834 1642 959 1685 simul
982 1643 1074 1699 ipse
1098 1643 1279 1700 parabat

5 1705 10 1711 ”
42 1690 54 1738 ἶ
111 1697 187 1741 ire.
247 1697 323 1741 sed
346 1698 543 1754 Alcyone
567 1699 752 1741 coniunx
777 1699 916 1742 excita
940 1700 1127 1743 tumultu

66 1764 70 1766 ·
142 1754 276 1797 rosilit
300 1761 362 1804 et,
385 1755 576 1798 nondum
598 1762 710 1798 totos
734 1764 883 1799 ornata
907 1757 1096 1813 capillos,

157 1811 252 1854 sicit
274 1810 352 1854 hos
375 1811 388 1853 i
421 1820 511 1863 sos,
536 1812 731 1868 colloque
754 1812 896 1856 infusa
920 1814 1074 1864 mariti,

40 1879 45 1893 ³
111 1875 262 1912 evocet
285 1883 311 1911 a
372 1867 383 1878 ⁸
417 1883 492 1911 um
514 1869 606 1913 sine
629 1884 690 1921 se,
713 1870 939 1925 verbisque
963 1878 1162 1927 precatur

110 1931 156 1968 et
177 1925 381 1976 lacrimis,
405 1925 654 1982 animasque
679 1926 784 1969 duas
809 1934 857 1969 ut
882 1935 1021 1970 servet
1043 1927 1088 1970 in
1111 1943 1212 1972 una.

93 1981 326 2025 vAeacides
350 1981 430 2025 illi:
456 1983 664 2039 ‘pulcros‚
687 1984 852 2040 regina,
877 1984 1055 2040 piosque

111 2053 224 2096 pone
246 2045 398 2083 metus.
457 2040 583 2097 plena
607 2048 671 2083 est
693 2041 890 2097 promissi
912 2042 1051 2098 gratia
1074 2042 1216 2085 vestri.

110 2110 199 2139 non
222 2096 364 2153 placet
387 2111 507 2140 arma
530 2097 634 2140 mihi
657 2105 805 2140 contra
828 2112 940 2140 nova
963 2106 1154 2142 monstra
1178 2099 1360 2143 moveri:

111 2168 272 2196 numen
295 2153 562 2196 adorandum
585 2155 728 2212 pelagi
750 2154 842 2197 est.'
902 2163 992 2198 erat
1016 2156 1150 2199 ardua
1173 2157 1300 2200 turris

111 2224 210 2253 arce
233 2209 316 2253 loci
339 2225 524 2260 summa,
548 2211 672 2254 fessis
695 2212 790 2255 loca
812 2220 936 2268 grata
960 2213 1128 2256 carinis.

10 2254 33 2288 ‘³‘
111 2267 350 2310 ascendunt
372 2266 474 2310 illuc
498 2275 737 2324 stratosque
761 2269 805 2311 in
828 2269 950 2312 litore
975 2277 1119 2313 tauros

110 2337 211 2367 cum
234 2323 399 2381 gemitu
423 2324 634 2382 aspiciunt
658 2333 999 2381 vastatoremque
1024 2334 1199 2370 cruento

112 2394 186 2424 ore
209 2380 368 2433 ferum,
391 2381 542 2439 longos
566 2382 772 2426 infectum
796 2383 1003 2440 sanguine
1027 2384 1163 2428 villos.

111 2437 211 2482 inde
234 2453 387 2481 manus
411 2439 589 2482 tendens
614 2439 658 2482 in
682 2440 815 2497 aperti
839 2440 962 2483 litora
985 2441 1118 2497 ponti,

73 2514 75 2516 ·
111 2495 351 2538 caeruleam
375 2495 533 2539 Peleus
558 2496 839 2546 Psamathen,
865 2505 912 2540 ut
935 2497 1053 2540 finiat
1077 2499 1198 2550 iram,

111 2559 223 2603 orat,
248 2566 458 2609 opemque
482 2552 604 2596 ferat.
663 2568 743 2597 nec
767 2554 943 2597 vocibus
967 2555 1040 2597 illa
1062 2555 1251 2622 rogantis

10 2614 28 2636 ν’
111 2607 296 2651 flectitur
318 2609 557 2652 Aeacidae:
581 2610 731 2654 Thetis
755 2611 864 2654 hanc
887 2626 964 2668 pro
989 2627 1180 2680 cqmuge
1197 2613 1378 2671 supplex

111 2665 277 2722 accepit
300 2666 484 2709 veniam.
544 2666 619 2710 sed
644 2668 756 2712 enim
780 2676 1003 2712 revocatus
1027 2685 1071 2712 in
1095 2684 1182 2713 acri

113 2721 243 2766 caede
266 2722 310 2766 lu
343 2738 394 2766 us
417 2731 596 2781 perstat,
622 2725 846 2769 dulcedine
871 2726 1091 2783 sanguinis
1117 2742 1260 2784 asper:

6 2769 14 2782 ⁵
38 2808 39 2811 =
112 2778 249 2823 donec
272 2779 315 2823 in
348 2788 562 2826 aerentem
586 2782 751 2827 lacerae
777 2783 939 2827 cervice
964 2784 1169 2828 iuvencae

1413 244 1497 290 189

1522 348 1591 382 360

1522 632 1589 667 365

1521 917 1590 951 370

1521 1202 1588 1235 375

1520 1486 1590 1520 380

1521 1771 1588 1805 385

1519 2056 1589 2090 390

1520 2341 1586 2374 395
1630 2383 1634 2386 ⁴

1517 2628 1586 2661 400
