1786 3242
374 295 458 338 194
810 300 860 336 Ῥ.
886 299 1050 336 OVIDII
1074 297 1290 335 NASONIS

283 399 349 431 580
372 393 503 440 utque
527 383 635 426 foret
659 396 802 438 sospes
827 381 1009 423 coniunx
1034 394 1135 422 suus
1158 386 1288 434 utque
1311 378 1479 428 rediret,

373 441 564 497 optabat,
587 439 832 492 nullamque
856 437 936 478 sibi
960 436 1201 492 praeferret.
1260 442 1302 477 at
1325 435 1386 477 illi

373 498 452 539 hoc
477 496 528 538 de
553 502 615 537 tot
637 494 745 536 votis
769 500 933 549 poterat
957 492 1198 548 contingere
1223 491 1371 533 solum.

429 553 492 594 At
515 552 594 594 dea
616 565 701 592 non
725 551 835 591 ultra
857 563 933 605 pro
957 548 1101 590 functo
1125 554 1258 590 morte
1281 547 1421 603 rogari

375 609 561 651 sustinet.
619 614 749 661 utque
773 620 922 647 manus
944 605 1133 646 funestas
1157 611 1297 646 arceat
1320 603 1415 654 aris,

284 679 349 710 585
375 665 466 715 ‘Iri,
490 663 628 706 meae'
655 662 760 704 dixit
783 661 1003 703 ‘fidissima
1027 660 1173 702 nuntia
1196 659 1325 710 vocis,

375 721 463 763 vise
488 719 760 786 soporiferam
787 718 935 760 Somni
959 717 1158 759 velociter
1181 716 1334 766 aulam,

375 777 631 831 extinctique
654 775 753 817 iube
779 773 931 829 Ceycis
955 773 1138 828 imagine
1162 773 1300 814 mittat

376 832 552 876 Somnia
575 832 630 874 ad
652 832 875 886 Alcyonen
899 844 1019 872 veros
1043 829 1255 871 narrantia
1279 827 1428 871 casus!

376 889 551 932 dixerat.
609 887 796 929 induitur
818 886 1028 929 velamina
1051 885 1164 927 mille
1188 885 1375 926 colorum

285 958 353 990 590
376 945 476 996 Iris,
501 953 542 987 et
566 951 736 986 arcuato
761 943 923 985 caelum
948 942 1190 984 curvamine
1214 942 1385 997 signans

376 1009 488 1044 tecta
510 1001 615 1057 petit
636 1000 737 1042 iussi
763 999 842 1041 sub
865 999 978 1040 nube
1001 998 1173 1040 latentia
1196 997 1321 1052 regis.

433 1057 514 1099 Est
536 1071 667 1112 prope
692 1055 941 1098 Cimmerios
965 1055 1091 1110 longo
1116 1054 1315 1110 spelunca
1338 1067 1522 1103 recessu,

376 1127 498 1155 mons
523 1128 670 1162 cavus,
693 1111 837 1168 ignavi
861 1112 1010 1152 domus
1034 1118 1076 1152 et
1099 1109 1327 1166 penetralia
1353 1108 1522 1151 Somni:

378 1184 463 1224 quo
485 1183 718 1223 numquam
741 1168 868 1209 radiis
892 1167 1030 1209 oriens
1054 1167 1269 1208 mediusve
1294 1165 1501 1208 cadensve

288 1238 353 1270 595
377 1225 578 1268 Phoebus
603 1225 717 1266 adire
741 1231 890 1280 potest.
948 1223 1128 1265 nebulae
1153 1222 1330 1278 caligine
1355 1221 1510 1264 mixtae

379 1282 599 1324 exalantur
621 1281 764 1330 humo,
788 1280 1024 1334 dubiaeque
1050 1279 1296 1335 crepuscula
1318 1278 1438 1320 lucis.

378 1352 464 1380 non
487 1337 588 1393 vigil
614 1337 700 1378 ales
722 1336 782 1377 ibi
806 1336 962 1378 cristati
987 1335 1178 1377 cantibus
1202 1335 1285 1377 oris

380 1401 529 1436 evocat
553 1394 781 1442 Auroram,
804 1406 884 1434 nec
907 1406 1010 1434 voce
1035 1391 1196 1433 silentia
1219 1398 1419 1447 rumpunt

381 1450 596 1492 sollicitive
621 1463 744 1490 canes
770 1448 997 1504 canibusve
1023 1448 1212 1503 sagacior
1236 1461 1370 1489 anser.

290 1519 356 1550 600
379 1520 463 1547 non
488 1506 596 1555 fera,
619 1519 704 1547 non
728 1504 930 1560 pecudes,
953 1518 1038 1545 non
1061 1503 1165 1545 moti
1186 1503 1355 1545 flamine
1379 1502 1498 1553 rami,

379 1562 642 1604 humanaeve
666 1575 815 1602 sonum
838 1560 1020 1603 reddunt
1043 1559 1231 1601 convicia
1254 1559 1437 1614 linguae.

380 1626 498 1660 muta
521 1618 639 1672 quies
663 1617 838 1659 habitat.
897 1631 998 1658 saxo
1022 1623 1164 1658 tamen
1187 1615 1273 1658 exit
1297 1615 1351 1657 ab
1374 1615 1459 1656 imo

380 1675 496 1716 rivus
521 1688 655 1728 aquae
680 1673 857 1722 Lethes,
880 1687 957 1728 per
980 1687 1106 1727 quem
1130 1687 1227 1714 cum
1250 1685 1463 1714 murmure
1486 1671 1633 1714 labens

381 1731 530 1773 invitat
554 1744 722 1772 somnos
747 1729 1047 1785 crepitantibus
1071 1729 1185 1770 unda
1209 1728 1372 1784 lapillis.

292 1800 357 1831 005
382 1794 478 1829 ante
501 1787 613 1828 fores
638 1786 744 1828 antri
768 1785 951 1827 fecunda
973 1799 1185 1840 papavera
1208 1785 1358 1827 florent

381 1843 708 1896 innumeraeque
731 1841 904 1890 herbae,
929 1855 1107 1895 quarum
1132 1841 1184 1882 de
1207 1841 1315 1882 lacte
1339 1854 1532 1896 soporem

381 1899 479 1941 Nox
503 1899 605 1954 legit
628 1906 669 1940 et
692 1897 851 1953 spargit
874 1912 949 1952 per
972 1911 1125 1952 opacas
1149 1897 1293 1938 umida
1315 1903 1459 1939 terras.

381 1955 527 2005 ianua,
550 1970 604 1996 ne
628 1969 749 1996 verso
774 1953 970 1995 stridores
995 1953 1163 1994 cardine
1186 1952 1348 2002 reddat,

382 2011 499 2053 nulla
523 2010 648 2052 domo
672 2017 760 2052 tota
769 2026 779 2060 3
805 2017 945 2051 custos
968 2009 1011 2050 in
1036 2009 1178 2051 limine
1202 2009 1355 2050 nullus.

293 2080 359 2111 610
384 2075 426 2109 at
450 2067 588 2109 medio
613 2074 728 2108 torus
754 2073 817 2108 est
841 2066 974 2108 ebeno
1000 2065 1188 2106 sublimis
1211 2065 1255 2106 in
1281 2072 1413 2115 antro,

382 2124 596 2179 plumeus,
620 2122 822 2171 unicolor,
845 2122 960 2177 pullo
984 2121 1191 2163 velamine
1215 2128 1370 2163 tectus:

383 2194 468 2234 quo
494 2179 621 2221 cubat
643 2179 733 2234 ipse
758 2178 860 2220 deus
885 2177 1083 2219 membris
1107 2178 1310 2233 languore
1335 2177 1494 2220 solutis.

383 2236 496 2277 hunc
520 2235 631 2277 circa
653 2235 810 2290 passim
834 2234 970 2276 varias
994 2234 1199 2275 imitantia
1223 2233 1379 2275 formas

378 2291 560 2337 Somnia
583 2306 693 2333 vana
715 2291 853 2333 iacent
877 2290 1071 2340 totidem,
1095 2297 1197 2344 quot
1221 2289 1368 2332 messis
1391 2290 1553 2339 aristas,

294 2361 358 2392 615
385 2348 490 2390 silva
512 2348 621 2413 gerit
645 2347 833 2396 frondes,
859 2347 1011 2389 eiectas
1034 2346 1132 2388 litus
1155 2346 1346 2389 harenas.

384 2418 469 2459 quo
493 2404 618 2445 simul
640 2403 811 2445 intravit
834 2402 1112 2456 manibusque
1137 2402 1344 2444 obstantia
1366 2401 1487 2457 virgo

386 2460 562 2504 Somnia
586 2460 780 2509 dimovit,
803 2459 931 2501 vestis
955 2459 1121 2514 fulgore
1144 2458 1298 2501 reluxit

385 2531 504 2558 sacra
528 2516 690 2558 domus.
749 2516 953 2570 tardaque
977 2515 1080 2556 deus
1103 2514 1310 2570 gravitate
1333 2514 1518 2556 iacentes

384 2573 456 2614 vix
479 2572 622 2614 oculos
646 2572 794 2614 tollens
817 2571 1053 2625 iterumque
1076 2570 1313 2625 iterumque
1336 2569 1528 2612 relabens

295 2642 361 2672 620
386 2642 634 2682 summaque
657 2628 895 2684 percutiens
917 2627 1084 2669 nutanti
1106 2634 1277 2682 pectora
1300 2633 1456 2676 mento,

385 2684 568 2727 excussit
592 2685 760 2726 tandem
786 2684 863 2726 sibi
890 2698 933 2725 se
942 2700 953 2733 3
979 2683 1204 2737 cubitoque
1227 2683 1404 2732 levatus,

384 2740 487 2794 quid
510 2740 651 2782 veniat
675 2740 891 2795 (cognovit
915 2739 1058 2793 enim),
1084 2739 1268 2781 scitatur.
1327 2745 1370 2780 at
1391 2738 1482 2780 illa:

384 2795 561 2839 ‘Somne
570 2827 580 2846 ,
605 2797 724 2851 quies
748 2811 906 2846 rerum,
929 2795 1230 2852 placidissime,
1257 2794 1435 2844 Somne,
1460 2794 1650 2844 deorum,

1764 325 1786 416 3}
