1774 3256
326 271 360 311 8
774 279 818 314 P.
845 278 1009 316 OVIDII
1033 277 1249 315 NASONIS

331 369 406 403 aut
430 361 618 403 subiecta
642 368 783 403 terunt
807 375 960 403 curvae
989 361 1129 403 vineta
1153 361 1332 403 carinae.

331 425 392 467 et,
416 417 541 459 modo
565 431 650 471 qua
673 417 852 472 graciles
875 431 1050 472 gramen
1075 431 1267 472 carpsere
1291 418 1494 474 capellae,

240 485 307 518 300
330 488 443 515 nunc
466 473 525 514 ibi
549 473 759 515 deformes
782 480 944 530 ponunt
967 487 1045 515 sua
1068 487 1243 529 corpora
1265 473 1441 529 phocae.

330 529 536 571 mirantur
559 530 638 571 sub
663 544 773 584 aqua
795 530 912 571 lucos
935 530 1147 583 urbesque
1171 529 1402 585 domosque

329 586 551 636 Nereides3
578 586 789 640 silvasque
812 593 956 628 tenent
980 586 1196 642 delphines
1220 593 1262 629 et
1285 587 1380 629 altis

330 642 545 684 incursant
568 643 696 684 ramis
720 642 962 698 agitataque
986 642 1138 685 robora
1161 643 1343 698 pulsant.

330 706 405 741 nat
426 699 552 754 lupus
575 699 683 741 inter
707 713 827 748 oves,
851 699 989 740 fulvos
1014 699 1128 741 vehit
1152 699 1267 741 unda
1289 699 1446 751 leones,
1733 682 1774 754 55

240 769 306 801 805
329 755 445 797 unda
468 755 583 798 vehit
606 755 747 811 tigres.
806 769 884 797 nec
907 755 1016 797 vires
1041 755 1227 798 fulminis
1252 770 1368 812 apro,
1746 755 1774 807 ζ

331 826 453 854 crura
476 827 554 854 nec
578 812 718 853 ablato
741 818 916 867 prosunt
939 812 1100 853 velocia
1123 826 1260 854 cervo.
1746 814 1767 870 ξ

329 868 613 922 quaesitisque
637 868 710 909 diu
733 868 872 918 terris,
897 868 972 909 ubi
996 868 1140 910 sistere
1163 878 1319 924 posset,
1739 882 1765 924 g

329 924 373 966 in
397 939 513 967 mare
535 925 699 967 lassatis
723 924 904 966 volucris
930 939 1040 980 vaga
1063 924 1219 967 decidit
1243 925 1332 967 alis.

331 981 527 1023 obruerat
551 981 733 1023 tumulos
756 981 962 1023 immensa
985 980 1153 1023 licentia
1175 981 1307 1036 ponti,
1743 958 1770 1021 i*

240 1051 307 1082 310
330 1037 640 1093 pulsabantque
662 1037 762 1079 novi
785 1044 985 1079 montana
1009 1037 1228 1079 cacumina
1250 1038 1416 1080 fluctus.

329 1093 514 1135 maxima
536 1108 634 1149 pars
658 1093 772 1135 unda
795 1094 972 1149 rapitur:
998 1093 1152 1147 quibus
1175 1093 1291 1135 unda
1313 1093 1514 1150 pepercit,

329 1150 422 1191 illos
446 1151 573 1205 longa
598 1150 770 1191 domant
792 1150 907 1205 inopi
930 1149 1086 1191 ieiunia
1108 1149 1236 1191 victu.
1414 1155 1418 1160 “
1735 1139 1769 1221 ᾗ

389 1206 567 1261 Separat
589 1206 752 1248 Aonios
779 1205 951 1248 Oetaeis
974 1205 1131 1248 Phocis
1156 1206 1210 1248 ab
1235 1205 1360 1256 arvis,
1446 1205 1692 1242 Deucalion&
1725 1211 1774 1262 3ss

330 1270 442 1304 terra
465 1263 597 1312 ferax,
623 1263 725 1303 dum
744 1269 854 1304 terra
878 1262 970 1303 fuit.
1008 1262 1082 1304 sed
1105 1269 1293 1318 tempore
1310 1262 1354 1304 in
1376 1262 1450 1305 illo
1496 1251 1588 1297 1²⁹²*
1587 1252 1643 1288 λα·
1741 1262 1765 1316 ³le

239 1332 304 1363 315
329 1333 427 1374 pars
450 1319 577 1360 maris
602 1326 643 1360 et
666 1320 774 1360 latus
799 1319 1032 1360 subitarum
1057 1333 1230 1374 campus
1254 1332 1473 1373 aquarum.
1679 1329 1682 1335 '
1746 1319 1749 1322 ’

329 1389 449 1416 mons
474 1375 531 1416 ibi
556 1375 783 1417 verticibus
806 1375 910 1430 petit
934 1375 1090 1416 arduus
1115 1383 1227 1417 astra
1250 1375 1429 1425 duobus,
1746 1410 1754 1414 ,,

329 1431 497 1473 nomine
521 1431 756 1482 Parnasus,
780 1439 1061 1486 superantque
1086 1431 1306 1474 cacumina
1327 1431 1477 1475 nubes.
1732 1439 1761 1489 ξ

328 1488 396 1529 hic
420 1487 494 1529 ubi
517 1486 753 1530 Deucalion
777 1486 895 1542 (nam
919 1495 1057 1530 cetera
1079 1495 1241 1530 texerat
1264 1488 1441 1544 aequor)

329 1559 425 1586 cum
450 1552 640 1586 consorte
665 1543 745 1585 tori
766 1559 898 1599 parva
921 1551 1010 1586 rate
1034 1551 1179 1586 vectus
1203 1543 1407 1594 adhaesit,

239 1614 305 1645 320
332 1599 564 1655 Corycidas
587 1600 795 1655 nymphas
820 1611 861 1642 et
884 1601 1058 1642 numina
1081 1600 1234 1642 montis
1259 1600 1436 1643 adorant
1760 1611 1770 1657 ξ

329 1657 630 1711 fatidicamque
654 1656 853 1706 Themin,
879 1671 988 1711 quae
1013 1664 1114 1699 tunc
1138 1657 1277 1699 oracla
1300 1656 1484 1700 tenebat.

329 1727 414 1754 non
438 1713 509 1754 illo
532 1713 680 1755 melior
702 1713 923 1767 quisquam
949 1728 1026 1754 nec
1050 1713 1258 1755 amantior
1281 1713 1406 1768 aequi

328 1770 393 1810 vir
415 1769 515 1819 suit,
541 1777 613 1811 aut
635 1769 707 1810 illa
730 1769 982 1811 metuentior
1005 1769 1091 1810 ulla
1114 1769 1301 1811 deorum.

327 1825 520 1881 Iuppiter
542 1832 589 1867 ut
610 1825 780 1879 liquidis
805 1832 999 1880 stagnare
1022 1825 1247 1880 paludibus
1271 1825 1416 1867 orbem

238 1897 303 1928 325
330 1889 371 1924 et
395 1896 613 1938 superesse
637 1881 774 1922 virum
799 1881 851 1923 de
875 1889 936 1922 tot
959 1881 1085 1922 modo
1109 1881 1277 1923 milibus
1299 1895 1433 1923 unum

328 1946 370 1979 et
394 1953 610 1994 superesse
634 1937 748 1979 videt
772 1938 824 1979 de
848 1944 908 1979 tot
932 1938 1057 1979 modo
1081 1938 1250 1979 milibus
1273 1952 1416 1988 unam,

327 1994 529 2035 innocuos
554 1993 718 2043 ambos,
744 1994 923 2035 cultores
946 1993 1128 2035 numinis
1153 1994 1313 2044 ambos,
1747 2006 1774 2065 {a

327 2050 473 2092 nubila
498 2050 678 2100 disiecit,
702 2050 939 2104 nimbisque
964 2050 1159 2104 aquilone
1183 2049 1355 2092 remotis
1740 2043 1774 2108 fg

328 2115 369 2149 et
394 2107 508 2148 eaelo
533 2114 664 2148 terras
689 2106 869 2148 ostendit
893 2112 935 2148 et
958 2106 1127 2148 aethera
1149 2106 1283 2149 terris.
1744 2100 1774 2160 ἒξ

237 2177 303 2209 330
327 2177 405 2205 nec
429 2163 555 2204 maris
579 2163 641 2204 ira
665 2170 823 2212 manet3
848 2162 1068 2217 positoque
1093 2162 1323 2219 tricuspide
1346 2162 1430 2205 telo
1743 2160 1774 2216 25⁵}

326 2219 483 2261 mulcet
507 2233 637 2273 aquas
661 2227 796 2261 rector
819 2219 977 2274 pelagi,
1003 2233 1213 2274 supraque
1236 2218 1494 2275 profundum
1688 2221 1691 2223 ’
1736 2226 1774 2277 {g

326 2282 538 2317 extantem
564 2282 689 2329 atque
714 2290 881 2317 umeros
904 2275 1047 2317 innato
1072 2275 1230 2317 murice
1254 2282 1413 2317 tectum

326 2333 565 2373 caeruleum
590 2332 765 2373 Tritona
789 2339 930 2382 vocat,
956 2332 1224 2386 conchaeque
1249 2331 1414 2373 sonanti
1743 2340 1770 2375 ἦ*

324 2387 527 2443 inspirare
551 2388 668 2430 iubet
691 2388 927 2442 fluctusque
945 2395 993 2430 set
1015 2388 1189 2429 flumina
1212 2388 1334 2443 signo

235 2457 300 2488 335
325 2444 409 2485 iam
433 2458 629 2486 revocare
653 2445 761 2486 dato.
820 2459 924 2486 cava
947 2444 1101 2486 bucina
1124 2444 1303 2486 sumitur
1324 2443 1386 2486 illi

324 2499 492 2550 tortilis,
515 2500 559 2542 in
581 2501 714 2542 latum
739 2515 847 2554 quae
871 2500 1038 2543 turbine
1063 2500 1211 2542 crescit
1234 2500 1289 2542 ab
1311 2500 1410 2550 imo,

324 2556 498 2605 bucina,
523 2571 631 2610 quae
656 2557 794 2599 medio
819 2557 1010 2612 concepit
1032 2556 1106 2598 ubi
1129 2560 1227 2599 ae‘ra
1250 2563 1394 2612 ponto,

323 2612 447 2653 litora
470 2627 573 2654 voce
596 2613 730 2668 replet
753 2613 832 2655 sub
855 2620 1034 2667 utroque
1057 2613 1237 2655 iacentia
1258 2612 1450 2655 Phoebo.

323 2677 425 2710 tunc
449 2682 634 2723 quoque,
659 2677 707 2711 ut
730 2683 805 2710 ora
828 2669 895 2711 dei
919 2669 1089 2711 madida
1111 2669 1294 2711 rorantia
1316 2668 1449 2711 barba

232 2738 300 2770 340
325 2724 501 2779 contigit
524 2732 564 2767 et
588 2725 738 2767 cecinit
760 2725 895 2767 iussos
919 2725 1064 2767 inflata
1086 2740 1290 2776 recessus,

323 2781 519 2823 omnibus
544 2781 686 2823 audita
710 2789 771 2823 est
794 2781 953 2824 telluris
979 2789 1020 2824 et
1044 2782 1236 2836 aequoris
1259 2781 1397 2832 undis,
