1786 3242
266 438 333 469 670

267 716 332 748 675

267 995 333 1027 680

267 1275 333 1307 685

268 1555 334 1587 690

268 1836 333 1868 695

268 2119 333 2151 700

267 2399 330 2431 705

266 2681 331 2712 710

357 278 444 320 270
803 285 848 320 Ρ.
874 284 1040 321 OVIDII
1061 283 1279 322 NASONIS

355 368 429 409 vix
451 367 560 409 bene
585 365 814 414 desierant,
840 379 935 406 cum
961 364 1096 407 cristis
1121 379 1272 407 aureus
1296 365 1390 408 altis

357 423 402 465 in
426 428 618 478 serpente
643 421 747 464 deus
770 420 1020 486 praenuntia
1043 421 1166 463 sibila
1187 421 1301 463 misit

357 479 625 533 adventuque
649 491 726 519 suo
750 491 1003 574 signumque
1027 491 1204 532 arasque
1228 477 1424 532 foresque

356 547 723 588 marmoreumque
747 547 792 575 so
809 548 881 574 um
906 533 1160 589 fastigiaque
1183 548 1311 575 aurea
1334 533 1481 584 movit,

355 590 681 647 pectoribusque
705 595 826 632 tenus
850 589 990 631 media
1014 589 1204 631 sublimis
1227 589 1271 631 in
1295 589 1400 632 aede

357 646 543 689 constitit
566 653 694 700 atque
718 646 860 688 oculos
885 645 1140 687 circumtulit
1162 645 1262 701 igne
1285 645 1504 690 micantes.

356 703 500 746 territa
524 702 648 744 turba
670 707 810 758 pavet.
869 701 1066 757 cognovit
1089 701 1263 744 numina
1286 708 1423 744 castos

358 759 548 802 evinctus
572 758 676 800 vitta
701 757 835 800 crines
859 758 1027 800 albente
1051 757 1259 807 sacerdos,

358 822 400 858 et
423 815 548 858 ‘deus
574 813 654 857 estl
692 814 795 856 deus
820 813 901 856 estl
937 813 1092 870 linguis
1117 813 1349 869 animisque
1371 813 1528 866 favete,

357 871 547 926 quisquis
572 869 710 913 ades?
737 870 842 912 dixit
866 870 961 920 ‘sis,
987 884 1012 912 o
1036 869 1334 926 pulcherrime,
1358 869 1475 913 visus

356 928 526 977 utiliter,
549 926 812 983 populosque
835 926 955 969 iuves
979 933 1053 968 tua
1076 940 1196 969 sacra
1219 925 1430 969 colentes.’

357 983 546 1039 quisquis
570 983 707 1032 adest,
731 983 893 1024 iussum
917 990 1140 1024 veneratur
1162 997 1338 1033 numen,
1362 989 1405 1025 et
1426 996 1575 1027 omnes

356 1040 487 1082 verba
510 1039 736 1082 sacerdotis
760 1038 948 1081 referunt
970 1039 1184 1094 geminata
1206 1038 1408 1095 piumque

356 1096 587 1138 Aeneadae
611 1102 823 1151 praestant
849 1102 890 1137 et
913 1109 1016 1137 voce
1041 1102 1081 1137 et
1104 1102 1243 1137 mente
1266 1094 1469 1138 favorem.

358 1152 505 1194 adnuit
528 1152 612 1201 his,
635 1151 842 1206 motisque
867 1151 970 1194 deus
993 1158 1084 1193 rata
1107 1151 1283 1207 pignera
1307 1151 1442 1194 cristis

357 1215 399 1250 et
421 1207 598 1263 repetita
622 1207 737 1249 dedit
759 1207 924 1249 vibrata
947 1207 1069 1249 sibila
1091 1207 1248 1262 lingua.

358 1272 458 1306 tunc
481 1263 684 1319 gradibus
707 1263 848 1305 nitidis
874 1263 1082 1305 delabitur
1105 1277 1262 1318 oraque
1284 1270 1396 1306 retro

357 1320 486 1362 flectit
509 1326 551 1362 et
574 1319 768 1373 antiquas
792 1318 982 1361 abiturus
1005 1319 1174 1375 respicit
1196 1334 1304 1370 aras,

358 1383 630 1430 assuetasque
655 1375 801 1417 domos
824 1375 1096 1430 habitataque
1119 1376 1276 1431 templa
1298 1375 1463 1418 salutat.

357 1432 455 1474 inde
479 1446 555 1487 per
578 1431 740 1474 iniectis
764 1431 1009 1487 adopertam
1033 1431 1205 1473 floribus
1228 1431 1378 1487 ingens

358 1488 489 1544 serpit
511 1488 687 1529 humum
710 1487 923 1542 flectitque
948 1483 1077 1538 s'inus,
1101 1487 1368 1543 mediamque
1391 1502 1468 1544 per
1489 1488 1639 1532 urbem

358 1544 492 1586 tendit
515 1544 568 1586 ad
591 1543 765 1586 incurvo
790 1544 972 1586 munitos
998 1558 1154 1600 aggere
1175 1551 1335 1600 portus.

357 1601 508 1642 restitit
531 1600 599 1642 hie
624 1614 860 1656 agmenque
885 1615 1008 1642 suum
1032 1600 1265 1655 turbaeque
1289 1600 1504 1656 sequentis

358 1656 544 1698 officium
567 1657 734 1712 placido
758 1656 872 1699 visus
897 1656 1104 1699 dimittere
1128 1657 1249 1698 vultu

359 1727 510 1768 corpus
533 1712 579 1755 in
601 1713 796 1755 Ausonia
818 1713 957 1769 posuit
981 1720 1083 1755 rate.
1141 1713 1324 1755 numinis
1347 1712 1420 1755 illa

358 1769 488 1811 sensit
511 1783 636 1819 onus,
659 1784 888 1825 pressaque
912 1769 979 1811 dei
1002 1769 1209 1824 gravitate
1233 1769 1375 1812 carina

359 1825 587 1867 Aeneadae
610 1825 816 1880 gaudent,
842 1839 1048 1879 caesoque
1071 1825 1114 1866 in
1137 1825 1258 1868 litore
1281 1832 1402 1868 tauro

357 1888 466 1923 torta
489 1889 709 1923 coronatae
734 1881 902 1923 solvunt
924 1881 1154 1923 retinacula
1176 1881 1309 1923 navis.

356 1937 581 1993 impulerat
603 1937 707 1979 levis
732 1952 834 1979 aura
857 1944 1008 1979 ratem:
1033 1936 1136 1979 deus
1161 1937 1316 1980 eminet
1338 1937 1434 1988 alte,

356 1992 636 2049 impositaque
660 2008 853 2048 premens
877 1993 1053 2049 puppim
1077 1993 1238 2036 cervice
1260 2007 1480 2036 recurvam

358 2049 570 2092 caeruleas
594 2049 810 2104 despectat
832 2063 978 2104 aquas.
1036 2049 1295 2104 modicisque
1317 2064 1392 2106 per
1415 2063 1575 2105 aequor

357 2105 524 2147 Ionium
548 2105 742 2160 zephyris
767 2113 884 2148 sexto
907 2105 1168 2147 Pallantidos
1193 2113 1288 2148 ortu

356 2161 524 2203 Italiam
549 2162 700 2211 tenuit,
724 2169 974 2217 praeterque
998 2161 1177 2204 Lacinia
1199 2162 1356 2217 templo

356 2217 577 2259 nobilitata
598 2218 702 2260 deae
728 2217 1015 2273 Scylaceaque
1038 2218 1162 2260 litora
1185 2217 1331 2260 fertur.

355 2274 507 2328 linquit
528 2274 752 2330 Iapygiam
775 2274 990 2328 laevisque
1013 2274 1259 2330 Amphissia
1282 2274 1408 2317 remis

357 2345 459 2373 saxa
482 2329 611 2386 fugit,
637 2331 784 2372 dextra
807 2337 1033 2385 praerupta
1058 2329 1261 2373 Celennia
1283 2337 1415 2386 parte,

355 2386 702 2441 Rhymitiumque
726 2386 829 2442 legit
854 2385 1129 2441 Caulonaque
1152 2387 1220 2428 Na
1273 2386 1477 2441 ciamque,

356 2442 593 2497 evincitque
616 2442 771 2485 fretum
797 2442 1014 2497 Siculique
1039 2449 1218 2498 angusta
1281 2442 1383 2485 elori

355 2498 710 2554 Hippotadaeque
734 2499 880 2540 domos
905 2499 1016 2554 regis
1041 2499 1326 2553 Temesesque
1349 2498 1532 2550 metalla,

355 2554 693 2609 Leucosiamque
716 2555 822 2610 petit
846 2555 1058 2610 tepidique
1081 2555 1240 2597 rosaria
1262 2554 1420 2597 Paesti.

353 2610 452 2653 inde
475 2611 579 2666 legit
604 2610 790 2667 Capreas
815 2610 1234 2666 promunturiumque
1257 2610 1478 2654 Minervae

357 2674 398 2708 et
423 2666 672 2710 Surrentino
696 2681 922 2723 generosos
946 2666 1117 2722 palmite
1142 2667 1267 2709 colles

354 2723 694 2778 Herculeamque
718 2723 867 2766 urbem
893 2722 1146 2778 Stabiasque
1169 2730 1211 2766 et
1233 2723 1277 2765 in
1301 2722 1386 2765 otia
1406 2729 1551 2764 natam

353 2778 653 2836 Parthenopen
677 2787 717 2822 et
743 2779 796 2822 ab
820 2779 899 2823 hac
925 2778 1138 2823 Cumaeae
1162 2778 1319 2836 templa
1343 2777 1545 2836 Sibyllae.
