1774 3256
349 227 845 270 METAMORPHOSEON
866 233 964 270 LIB.
989 234 1022 270 Ι.
1045 234 1240 272 474-561.
1433 228 1487 271 13

104 317 154 359 *J
300 316 439 378 patet:
461 326 539 368 per
561 327 630 355 me
654 314 911 358 concordant
935 316 1122 360 carmina
1144 318 1298 361 nervis.
1361 327 1365 329 ’

100 367 147 417 “
182 388 200 402 <2
247 366 423 423 quidem
445 376 590 412 nostra
612 378 696 422 est,
719 379 866 415 nostra
887 379 1030 416 tamen
1053 388 1139 416 una
1162 375 1319 432 sagitta

192 443 244 459 κει
262 448 283 475 ,»
298 423 344 468 in
367 438 505 468 vacuo
529 439 639 481 quae
664 428 842 471 vulnera
863 436 1035 485 pectore
1058 429 1172 474 fecit.
1508 447 1577 480 520

95 514 145 540 μ
220 500 271 520 ...ι
296 501 317 518 «ι
350 481 561 525 medicina
583 498 727 526 meum
752 492 832 537 est,
858 485 1077 542 opiferque
1100 502 1178 544 per
1200 488 1348 532 orbem

165 560 171 572 ι
189 556 209 573 ιι
227 567 241 588 ,
264 544 308 581 et
328 537 557 582 herbarum
582 540 772 584 subiecta
793 543 982 598 potentia
1004 543 1141 587 nobis.

34 604 37 605 ’
87 586 296 664 ffatim,
317 595 435 651 quod
456 596 583 640 nullis
606 611 727 640 amor
749 605 815 642 est
837 599 1038 643 sanabilis
1061 599 1218 652 herbis,

32 702 34 707 y
140 652 195 705 ’ζ
209 658 388 709 prosunt
411 651 597 704 domino,
621 667 732 708 quae
755 663 934 711 prosunt
956 657 1172 709 omnibus,
1195 657 1346 702 artesl'

92 689 187 758 3⁸²3·
216 729 218 732 ·
253 707 496 752 locuturum
517 709 666 752 timido
689 709 851 754 Peneia
875 727 1003 755 cursu
1508 730 1575 763 525

37 761 38 764 ’
89 764 114 802 κ
141 787 144 792 ·
165 787 189 814 ς,
242 778 426 820 cumque
447 765 542 822 ipso
564 766 696 809 verba
718 767 968 824 imperfecta
990 770 1172 826 reliquit.

222 835 392 878 quoque
415 822 508 866 visa
531 823 698 866 decens.
756 825 979 868 nudabant
1001 841 1179 883 corpora
1203 829 1331 879 venti,

32 921 33 924 ,
73 887 90 922 ¹2
103 876 320 945 {obviaque
343 878 544 923 adversas
567 880 795 924 vibrabant
817 881 991 926 flamina
1014 892 1167 934 vesteS,

32 961 34 967 ν
171 934 279 979 levis
301 935 507 993 impulsos
529 945 642 980 retro
665 937 795 980 dabat
819 953 924 981 aura
947 940 1135 996 capillos,

80 996 95 1006 ”
261 1006 318 1036 ue
340 992 479 1036 forma
501 993 608 1061 fuga
631 1002 708 1038 est.
768 995 843 1038 sed
867 996 980 1040 enim
1004 1012 1090 1039 non
1115 998 1294 1042 sustinet
1316 1000 1429 1043 ultra
1506 1014 1574 1047 530

39 1087 59 1102 ‚Q
260 1064 284 1093 e
306 1049 534 1095 blanditias
556 1052 723 1094 iuvenis
748 1052 852 1096 deus
859 1068 872 1104 ;
897 1060 1028 1108 utque
1052 1055 1253 1098 movebat

32 1108 33 1113 ’
73 1118 198 1164 Quo
220 1120 352 1157 amor,
366 1106 560 1151 ‘admisso
584 1109 776 1163 sequitur
797 1110 978 1166 vestigia
1002 1126 1143 1167 passu.

79 1169 156 1213 ,nt
177 1162 294 1206 canis
316 1163 362 1206 in
384 1178 521 1207 vacuo
543 1165 732 1221 leporem
757 1181 854 1208 cum
880 1165 1073 1211 Gallicus
1098 1184 1200 1211 arvo

29 1241 31 1245 ·
76 1217 83 1234 ³
104 1218 231 1272 vidit,
254 1226 299 1264 et
321 1220 391 1263 hic
413 1221 615 1278 praedam
639 1223 820 1279 pedibus
844 1224 969 1280 petit,
993 1224 1063 1268 ille
1088 1226 1287 1270 salutem:

69 1287 85 1325 [2
103 1275 213 1321 alter
233 1276 460 1321 inhaesuro
483 1277 631 1321 similis
655 1280 741 1322 iam
764 1280 934 1336 iamque
959 1289 1103 1326 tenere
1505 1299 1572 1332 535

182 1340 249 1377 rat
271 1340 315 1378 et
337 1341 508 1379 extento
531 1336 701 1393 stringit
724 1338 904 1394 vestigia
926 1346 1076 1390 rostro,

37 1347 212 1441 {mr
233 1390 278 1434 in
301 1391 504 1448 ambiguo
528 1400 611 1444 est,
635 1409 691 1436 an
715 1394 769 1436 sit
793 1409 1086 1451 comprensus,
1112 1404 1154 1440 et
1178 1397 1281 1454 ipsis

23 1455 26 1507 j
67 1458 71 1461 ’
104 1447 318 1491 morsibus
341 1449 518 1506 eripitur
539 1451 843 1507 tangentiaque
868 1466 943 1494 ora
966 1453 1185 1520 relinquit:

23 1512 61 1555 .½j
103 1503 168 1548 cic
189 1504 296 1548 deus
319 1513 362 1548 et
384 1506 506 1563 virgo
531 1514 608 1557 est,
632 1507 701 1550 hic
725 1523 800 1574 spe
825 1509 949 1560 celer,
973 1510 1047 1552 illa
1069 1518 1234 1555 timore.

58 1576 65 1583 ³
102 1561 180 1617 qui
202 1568 345 1605 tamen
367 1562 616 1618 insequitur,
640 1579 790 1621 penms
815 1565 984 1608 adiutus
1025 1568 1181 1610 amoris
1505 1583 1574 1615 540

101 1618 221 1661 ocior
244 1625 308 1662 est
330 1619 607 1676 requiemque
629 1629 760 1678 negat
784 1629 991 1679 tergoque
1014 1623 1181 1680 fugacis

30 1681 33 1692 ³
66 1704 72 1707 -r
86 1675 298 1730 ⁴imminet
320 1682 363 1719 et
386 1676 547 1720 crinem
570 1693 766 1734 sparsum
790 1679 1026 1723 cervicibus
1051 1681 1194 1724 adflat.

21 1777 23 1779 ,
64 1741 70 1751 ·“
103 1731 267 1775 viribus
290 1732 526 1790 absumptis
551 1735 758 1791 expalluit
779 1735 870 1786 illa,
896 1737 1090 1792 citaeque

14 1802 16 1832 e
67 1793 74 1802 ”
102 1788 216 1832 victa
236 1788 384 1833 labore
406 1790 555 1847 fugae,
580 1800 776 1848 spectans
799 1792 1011 1836 Peneidas
1036 1794 1173 1836 undas

14 1838 16 1850 ’
58 1899 59 1902 Ἴ
101 1845 203 1898 ‘f0r,
224 1846 374 1903 pater,’
395 1846 534 1903 inquit
559 1852 722 1905 ‘opem,
747 1849 783 1892 si
806 1850 982 1893 flumina
1005 1866 1163 1894 numen
1187 1851 1372 1896 habetis!
1503 1868 1570 1899 545

64 1926 75 1942 s
100 1916 191 1959 qua
210 1902 391 1961 nimium
409 1904 575 1971 placui,
598 1907 803 1949 mutando
827 1907 957 1964 perde
980 1907 1202 1965 figuraml'

26 1961 30 1999 ἶ
65 1991 69 1997 .
100 1959 176 2003 vix
198 1974 326 2027 prece
347 1960 485 2014 finlta,
509 1969 654 2019 torpor
676 1963 820 2020 gravis
844 1972 1024 2021 occupat
1048 1972 1179 2016 artus,

34 2070 36 2073 v
59 2027 67 2058 ἐ
100 2017 246 2060 molha
268 2017 498 2075 cinguntur
518 2019 637 2062 tenui
660 2021 908 2076 praecordia
930 2021 1053 2072 libro,

30 2078 38 2119 ,Γ
98 2072 148 2117 in
168 2073 363 2118 frondem
387 2075 543 2126 crines,
566 2076 612 2119 in
634 2092 774 2120 ramos
788 2077 997 2121 ‚bracchia
1021 2087 1230 2131 crescunt,

47 2143 198 2188 g-pes,
220 2131 348 2174 modo
372 2139 459 2175 tam
483 2133 630 2184 velox,
654 2134 788 2191 pigris
812 2135 1025 2178 radicibus
1049 2136 1208 2186 haeret,
1502 2153 1570 2184 550

20 2194 22 2196 ’
61 2192 65 2204 ³
98 2200 177 2230 ora
200 2201 404 2232 cacumen
428 2189 530 2232 obit.
588 2199 780 2234 remanet
801 2192 914 2235 nitor
936 2207 1047 2235 unus
1071 2193 1116 2235 in
1138 2193 1224 2236 illa.

27 2240 65 2287 '‘s'‘
99 2243 212 2288 hanc
234 2258 405 2301 quoque
426 2245 630 2290 Phoebus
655 2256 790 2300 amat,
813 2249 1036 2305 positaque
1059 2250 1105 2292 in
1129 2250 1271 2306 stipite
1296 2251 1446 2295 dextra

19 2306 25 2346 ἦ
61 2301 70 2343 1'
99 2301 229 2345 sentit
251 2301 392 2346 adhuc
415 2304 627 2361 trepidare
650 2320 762 2348 novo
786 2306 867 2348 sub
892 2306 1047 2350 cortice
1071 2314 1234 2364 pectus,

18 2369 23 2375 '
51 2368 60 2414 *j
99 2371 195 2402 com
225 2359 433 2415 lexusque
457 2360 544 2404 suis
568 2377 722 2412 ramos,
746 2369 795 2405 ut
817 2363 1022 2415 membra,
1048 2363 1215 2407 lacertis

23 2417 25 2420 ⁴
47 2437 60 2450 --
97 2428 174 2459 osc
269 2415 343 2459 dat
364 2417 500 2474 ligno:
525 2418 684 2475 refugit
707 2427 849 2462 tamen
873 2420 1020 2462 oscula
1041 2420 1220 2477 lignum.
1499 2437 1566 2468 555

16 2471 20 2479 ³
64 2487 67 2497 ³
92 2471 170 2515 ‘cui
193 2471 298 2515 deus
322 2477 386 2516 ‘at
408 2475 608 2529 quoniam
633 2476 819 2518 coniunx
842 2492 938 2519 mea
961 2492 1046 2519 non
1102 2485 1192 2520 otes
1217 2494 1322 2529 esse,

16 2576 18 2578 ,
53 2545 60 2562 1
97 2528 227 2572 arbor
249 2529 332 2572 eris
353 2531 485 2574 certe’
510 2532 616 2574 dixit
640 2537 766 2576 ‘mea.
825 2548 992 2590 semper
1014 2534 1070 2576 ha
1102 2534 1234 2577 ebunt

51 2586 56 2638 }
98 2588 143 2628 te
165 2599 305 2636 coma,
328 2593 371 2630 te
394 2587 600 2639 citharae,
626 2596 667 2632 te
690 2596 878 2641 nostrae,
901 2591 1040 2642 laure,
1063 2591 1300 2648 pharetrae.

16 2659 25 2671 ι
63 2671 66 2677 2
97 2649 150 2685 tu
171 2642 352 2686 ducibus
375 2643 514 2687 Latiis
538 2646 695 2696 aderis,
720 2661 819 2689 cum
840 2647 952 2690 laeta
975 2647 1261 2705 Triumphum

22 2752 25 2754 q
50 2735 62 2754 Ι.
98 2711 184 2742 vox
206 2707 331 2744 canet
353 2708 396 2744 et
419 2701 558 2745 visent
580 2703 730 2760 longas
755 2701 968 2760 Capitolia
992 2720 1185 2763 pompas.
1497 2722 1566 2755 560

5 2758 28 2782 ¹'
96 2755 291 2813 postibus
312 2757 524 2816 Augustis
549 2760 698 2804 eadem
721 2760 924 2805 fidissima
947 2769 1089 2806 custos
