1786 3242
343 225 838 265 METAMORPHOSEON
859 227 957 264 LIB.
983 228 1088 266 XIV.
1115 229 1308 266 644-731.
1430 219 1513 264 251

79 338 82 342 -
136 307 302 366 primus
323 307 455 352 habet
476 309 674 364 laetaque
698 316 814 352 tenet
837 316 911 352 tua
934 325 1112 353 munera
1136 310 1310 354 dextra?

135 364 216 409 sed
236 378 376 420 neque
398 364 486 407 iam
509 365 623 409 fetus
647 365 860 409 desiderat
884 367 1034 410 arbore
1058 367 1267 424 demptos,

81 451 85 454 -
136 435 236 473 neo,
258 435 368 478 quas
390 421 538 464 hortus
562 422 656 472 alit,
681 436 778 464 cum
802 423 914 465 sucis
939 423 1112 466 mitibus
1135 424 1303 474 herbas,
1540 438 1609 471 690

66 496 69 502 ¹
134 492 217 523 nec
239 477 489 534 quicquam,
513 479 596 521 nisi
620 486 675 522 te.
734 479 933 523 miserere
956 480 1161 531 ardentis,
1187 489 1230 524 et
1251 482 1404 538 ipsum,

133 534 213 592 qui
233 533 354 592 petit,
378 548 451 578 ore
475 549 571 578 meo
595 543 862 591 praesentem
887 537 1011 579 erede
1035 538 1219 593 precari:

60 615 67 619 ·
133 591 379 646 ultoresque
403 591 506 635 deos
529 598 573 635 et
595 600 768 647 pectora
792 592 900 635 dura
923 607 1119 648 perosam

66 648 68 671 ³
133 647 300 691 Idalien
322 661 639 703 memoremque
662 648 764 691 time
786 648 1093 692 Rhamnusidis
1117 651 1237 693 iram.

129 717 307 760 quoque
330 703 469 761 magis
491 704 642 747 timeas
665 704 843 758 (etenim
866 705 971 747 mihi
995 707 1128 748 multa
1151 715 1340 751 vetustas
1538 723 1606 755 695

131 761 243 805 seire
266 759 417 816 dedit),
440 760 624 804 referam
648 769 737 803 tota
759 762 981 804 notissima
1006 761 1153 819 Cypro

56 818 60 850 ἓ
131 817 268 869 faeta,
291 817 448 874 quibus
471 817 585 861 flecti
608 817 734 861 facile
759 825 801 861 et
823 818 1048 885 mitescere
1068 821 1218 875 possis.

189 874 370 919 Viderat
393 890 420 917 a
442 874 598 918 veteris
622 890 874 931 generosam
898 890 1106 931 sanguine
1130 876 1288 920 Teucri
1363 888 1605 933 (Anaxarete.)

57 970 69 978 ,,
130 930 252 998 Iphis
275 931 572 982 Anaxareten,
596 930 747 974 humili
770 931 823 974 de
848 932 978 998 stirpe
1003 940 1188 975 creat-us:

54 1012 57 1014 v
130 987 297 1032 viderat
318 995 362 1032 et
385 988 484 1031 totis
507 996 755 1044 perceperat
778 988 944 1031 ossibus
970 998 1147 1032 aestum.
1538 1006 1605 1037 Ιτοο

129 1044 402 1112 luctatusque
415 1044 519 1095 -diu,
542 1053 770 1111 postquam
793 1045 956 1089 ratione
980 1045 1168 1089 furorem

25 1090 54 1116 '¹¹'
130 1115 301 1145 vincere
323 1115 410 1144 non
434 1108 591 1168 potuit,
616 1102 797 1158 supplex
822 1102 878 1144 ad
900 1102 1046 1144 limina
1070 1103 1205 1146 venit:

11 2001 38 2207 κκὶναυψ
17 1845 20 1850 ·
22 1758 35 1762 ε
21 1449 37 1459 .·
16 1317 47 1361 ,νβ
19 1286 34 1302 «·
22 1243 23 1246 Α

126 1164 175 1202 et
197 1157 325 1202 modo
348 1157 503 1200 nutrici
525 1158 729 1201 miserum
754 1159 976 1202 confessus
1000 1174 1200 1209 amorem,

50 1208 58 1258 s
128 1229 185 1258 ne
208 1214 290 1257 sibi
314 1213 422 1257 dura
444 1214 576 1265 foret,
600 1230 677 1271 per
700 1230 797 1282 spes
822 1216 959 1258 oravit
983 1217 1198 1259 alumnae:

125 1277 173 1314 et
194 1271 322 1314 modo
346 1270 400 1314 de
423 1271 567 1314 multis
591 1272 807 1315 blanditus
831 1273 986 1328 cuique
1009 1273 1212 1316 ministris
1538 1289 1603 1321 705

50 1344 55 1370 ᾳ
129 1327 308 1371 sollicita
330 1327 452 1384 petiit
474 1342 552 1384 pro
582 1343 732 1371 ensum
758 1344 862 1372 voce
886 1329 1096 1372 favorem:

125 1399 256 1442 saepe
280 1384 456 1428 ferenda
480 1385 534 1428 de
567 1385 596 1427 't
620 1385 787 1427 blandis
811 1401 889 1428 sua
913 1386 1044 1428 verba
1067 1387 1253 1430 tabellis:

126 1440 341 1484 interdum
363 1440 555 1483 madidas
578 1442 850 1485 lacrimarum
873 1457 967 1485 rore
991 1457 1168 1486 coronas

126 1497 321 1555 postibus
345 1497 546 1548 intendit,
571 1499 796 1554 posuitque
819 1500 864 1541 in
887 1500 1031 1542 limine
1056 1500 1163 1543 duro

124 1554 254 1598 molle
277 1554 389 1597 latus
412 1554 604 1609 tristique
629 1570 748 1599 serae
773 1556 963 1599 convicia
986 1556 1099 1599 fecit.
1535 1571 1603 1604 710

125 1610 295 1654 saevior
316 1611 390 1654 illa
413 1611 522 1654 freto
546 1620 747 1668 surgente
772 1613 1021 1656 cadentibus
1045 1613 1224 1664 Haedis,

123 1667 274 1710 durior
296 1675 339 1711 et
361 1667 489 1718 ferro,
514 1669 630 1723 quod
653 1669 836 1711 Noricus
861 1670 1059 1724 excoquit
1082 1670 1207 1726 ignis,

124 1731 170 1768 et
191 1738 311 1775 saxo,
335 1724 452 1780 quod
475 1724 616 1767 adhuc
639 1726 785 1768 vivum
810 1726 951 1769 radice
976 1734 1156 1776 tenetur,

122 1780 286 1838 spernit
309 1788 353 1824 et
373 1780 534 1824 irridet.
593 1781 801 1837 factisque
824 1783 1057 1825 immitibus
1082 1783 1201 1825 addit

125 1837 257 1881 verba
279 1837 465 1894 superba
486 1837 610 1881 ferox
634 1846 676 1881 et
699 1853 774 1895 spe
799 1853 969 1894 quoque
994 1839 1163 1882 fraudat
1188 1847 1414 1883 amantem.
1534 1854 1599 1886 715

112 1907 212 1947 ¹non
234 1893 332 1937 tulit
353 1893 580 1951 impatiens
602 1895 720 1951 longi
743 1902 953 1939 tormenta
977 1896 1132 1939 doloris

124 1949 246 2008 Iphis
269 1958 312 1994 et
335 1958 434 1994 ante
458 1951 572 1995 fores
596 1951 702 1995 haec
726 1952 857 1995 verba
880 1953 1111 1995 novissima
1135 1952 1259 2007 dixit:

122 2011 152 2031 “
160 2007 315 2058 vincis,
338 2007 604 2058 Anaxarete,
629 2023 769 2063 neque
793 2017 918 2052 erunt
940 2010 1018 2052 tibi
1041 2010 1182 2053 taedia
1205 2010 1378 2053 tandem

123 2063 213 2107 ulla
235 2063 413 2107 ferenda
436 2064 533 2108 mei.
591 2065 724 2108 laetos
748 2066 896 2109 molire
920 2066 1156 2122 triumphos

121 2127 167 2164 et
190 2120 366 2164 Paeana
389 2134 497 2164 voca
518 2121 737 2176 nitidaque
759 2122 975 2179 incingere
999 2123 1142 2165 lauru:
1532 2138 1600 2170 720

123 2177 259 2220 vincis
282 2177 414 2228 enim,
437 2178 679 2233 moriorque
700 2179 850 2221 libens.
910 2194 1005 2235 age,
1029 2179 1180 2230 ferrea,
1204 2180 1366 2236 gaude!

122 2241 238 2276 certe
263 2233 424 2289 aliquid
446 2234 621 2277 laudare
645 2235 731 2278 mei
755 2236 940 2291 cogeris,
965 2236 1142 2291 eritque,

121 2304 210 2345 quo
233 2290 311 2332 tibi
335 2291 415 2333 sim
438 2300 607 2347 gratus,
631 2291 914 2346 meritumque
938 2292 1128 2335 fatebere
1152 2300 1358 2336 nostrum.

123 2361 210 2390 non
234 2354 378 2390 tamen
401 2355 499 2391 ante
523 2347 586 2390 tui
611 2362 757 2390 curam
782 2348 958 2391 cessisse
982 2357 1209 2398 memento,

121 2417 254 2458 quam
277 2403 428 2454 vitam3
452 2404 708 2461 geminaque
733 2405 858 2448 simul
883 2405 984 2448 mihi
1008 2406 1104 2449 luce
1128 2406 1374 2450 carendum.
1530 2419 1596 2451 725

122 2473 203 2502 nec
226 2459 304 2502 tibi
325 2459 444 2503 fama
465 2461 550 2503 mei
574 2469 753 2504 ventura
777 2470 841 2504 est
864 2462 1014 2505 nuntia
1036 2462 1128 2505 leti:

122 2515 215 2571 ipse
238 2530 334 2572 eg0,
358 2531 414 2560 ne
437 2516 626 2568 dubites,
650 2518 778 2560 adero
802 2533 1087 2574 praesensque
1112 2519 1303 2570 videbor,

116 2585 300 2631 ‘corpore
323 2575 375 2615 ut'
395 2573 580 2616 exanimi
604 2575 792 2617 crudelia
814 2575 977 2618 lumina
1000 2590 1162 2631 pascas.

122 2627 159 2670 si
181 2635 344 2679 tamen,
369 2643 395 2671 o
419 2630 581 2686 superi,
606 2631 800 2673 mortalia
824 2631 938 2674 facta
962 2631 1127 2681 videtis,

119 2691 212 2728 este
234 2685 319 2728 mei
342 2700 551 2729 memores
574 2709 632 2717 —
654 2687 760 2730 nihil
783 2688 894 2730 ultra
915 2688 1063 2745 lingua
1087 2690 1251 2754 precari
1530 2703 1598 2736 730

122 2740 301 2785 sustinet
324 2764 383 2772 —
406 2750 449 2785 et
471 2743 599 2799 longo
623 2744 749 2788 facite
774 2752 822 2786 ut
845 2758 1064 2789 narremur
1087 2761 1131 2788 m
1155 2760 1275 2797 aeVO,
