1786 3242
359 236 442 280 182
797 243 842 279 Ρ.
868 243 1034 280 0V1D11
1057 240 1273 279 NASONIS

353 325 493 368 flebile
517 325 657 368 nescio
683 323 785 379 quid
808 323 998 379 queritur
1019 323 1131 378 lyra,
1154 322 1293 366 flebile
1316 322 1463 379 lingua

354 389 587 424 murmurat
611 380 835 430 exanimis,
859 379 1115 435 respondent
1137 378 1275 422 flebile
1298 379 1428 435 ripae.

353 439 522 492 iamque
546 451 660 479 mare
684 437 876 479 invectae
898 436 1057 479 flumen
1080 436 1283 491 populare
1305 435 1551 491 relinquunt

285 508 329 539 55
355 501 396 536 et
418 493 748 549 Methymnaeae
770 492 988 548 potiuntur
1010 492 1130 534 litore
1156 491 1302 534 Lesbi.

354 550 423 592 hic
446 550 560 592 ferus
585 549 822 605 expositum
845 547 1078 604 peregrinis
1104 548 1254 603 anguis
1278 546 1446 591 harenis

354 620 401 648 os
425 606 529 661 petit
553 612 595 648 et
619 620 786 661 sparsos
810 604 983 647 stillanti
1005 618 1099 647 rore
1123 604 1310 660 capillos.

354 662 523 705 tandem
547 661 750 704 Phoebus
774 661 894 704 adest
917 674 1165 716 morsusque
1187 660 1342 704 inferre
1366 667 1588 717 parantem

355 726 486 769 arcet,
513 726 554 761 et
576 718 621 760 in
644 718 829 774 lapidem
851 717 980 760 rictus
1005 716 1208 773 serpentis
1234 724 1400 773 apertos

288 787 333 819 60
357 775 551 831 congelat
574 782 614 817 et
637 775 824 830 patulos,
849 782 896 816 ut
919 781 1058 824 erant,
1083 773 1253 815 indurat
1275 773 1428 818 hiatus.

354 831 506 873 umbra
530 831 642 873 subit
666 839 818 881 terras,
843 838 884 873 et
907 845 1016 885 quae
1040 830 1134 872 loca
1157 829 1321 872 viderat
1343 837 1454 882 ante,

355 895 508 930 cuncta
530 887 809 943 recognoscit:
835 901 1125 942 quaerensque
1149 901 1224 943 per
1247 901 1350 929 arva
1371 886 1539 943 piorum

354 944 514 987 invenit
538 943 782 1000 Eurydicen
807 943 1055 999 cupidisque
1080 943 1344 999 amplectitur
1366 943 1490 986 ulnis.

355 1000 425 1043 hic
447 1000 573 1043 modo
598 1000 831 1042 coniunctis
854 1000 1090 1056 spatiantur
1112 999 1307 1055 passibus
1331 999 1476 1042 ambo:

288 1068 332 1100 65
356 1071 469 1100 nunc
492 1057 813 1112 praecedentem
838 1056 1040 1111 sequitur,
1063 1070 1178 1098 nunc
1201 1055 1398 1112 praevius
1421 1056 1567 1108 anteit,

356 1113 683 1169 Eurydicenque
708 1128 828 1155 suam
850 1113 935 1154 iam
958 1120 1049 1155 tuto
1073 1112 1244 1168 respicit
1267 1111 1480 1169 Orpheus.

411 1170 511 1212 Non
533 1170 704 1225 impune
727 1176 868 1211 tamen
891 1169 1027 1212 scelus
1052 1169 1132 1211 hoc
1156 1169 1254 1211 sinit
1278 1184 1371 1212 esse
1393 1168 1587 1226 Lyaeus:
1612 1168 1719 1210 (Bac-

356 1226 594 1281 amissoque
618 1226 763 1268 dolens
788 1240 1000 1268 sacrorum
1024 1233 1120 1268 vate
1144 1239 1317 1267 suorum
1613 1214 1720 1257 cmm)

355 1282 545 1338 protinus
569 1282 613 1323 in
637 1281 752 1324 silvis
776 1290 930 1324 matres
954 1281 1171 1323 Edonidas
1195 1296 1355 1333 omnes,

290 1352 333 1383 70
357 1353 466 1393 quae
489 1338 632 1381 videre
655 1338 795 1387 nefas,
819 1346 930 1380 torta
951 1338 1093 1381 radice
1116 1338 1275 1394 ligavit.

355 1395 512 1451 quippe
534 1395 691 1450 pedum
716 1394 888 1450 digitos,
911 1394 955 1436 in
979 1401 1186 1449 quantum
1209 1402 1273 1437 est
1296 1408 1490 1450 quaeque
1513 1402 1673 1448 secuta,

355 1451 501 1501 traxit,
526 1458 569 1494 et
591 1452 635 1493 in
659 1451 835 1493 solidam
860 1450 1036 1499 detrusit
1059 1449 1255 1493 acumina
1278 1458 1445 1494 terram.

355 1515 486 1562 utque
510 1522 635 1549 suum
657 1507 838 1561 laqueis,
864 1521 970 1561 quos
995 1507 1169 1549 callidus
1194 1507 1356 1549 abdidit
1379 1522 1549 1565 aucepS,

356 1578 453 1606 crus
475 1563 549 1605 ubi
574 1564 780 1606 commisit
803 1563 1005 1613 volucris,
1030 1563 1242 1618 sensitque
1266 1563 1412 1614 teneri,

289 1632 331 1663 75
355 1620 570 1676 plangitur
593 1634 643 1662 ac
666 1620 879 1676 trepidans
904 1619 1097 1676 astringit
1118 1619 1287 1663 vincula
1309 1627 1446 1663 motu:

357 1676 435 1727 sic,
459 1683 508 1719 ut
531 1690 723 1731 quaeque
748 1677 837 1719 solo
862 1676 1001 1719 defixa
1025 1675 1268 1719 cohaeserat
1291 1676 1455 1728 harum,

356 1740 573 1776 externata
596 1733 743 1789 fugam
766 1733 922 1775 frustra
945 1733 1197 1788 temptabat3
1222 1740 1266 1775 at
1288 1733 1404 1775 illam

354 1790 468 1831 lenta
491 1797 605 1832 tenet
628 1790 747 1832 radix
772 1790 1115 1843 exultantemque
1139 1797 1315 1832 coercet.

356 1846 556 1900 dumque,
580 1845 655 1887 ubi
675 1846 756 1887 sint
774 1846 908 1901 digiti,
933 1845 1047 1895 dum,
1072 1860 1145 1901 pes
1163 1845 1251 1896 ubi,
1275 1845 1452 1901 quaerit,
1477 1853 1519 1890 et
1537 1861 1718 1904 ungues,

288 1913 333 1945 80
357 1901 506 1957 aspicit
529 1903 573 1943 in
597 1909 748 1944 teretes
771 1902 935 1958 lignum
960 1902 1184 1944 succedere
1209 1917 1341 1944 suras.

356 1966 398 2000 et
422 1965 572 2000 conata
595 1958 733 2000 femur
755 1958 956 2000 maerenti
981 1958 1180 2013 plangere
1204 1958 1366 2009 dextra,

354 2015 507 2056 robora
530 2015 752 2070 percussit:
777 2022 923 2070 pectus
948 2028 1116 2069 quoque
1139 2014 1290 2057 robora
1312 2015 1439 2057 fiunt:

354 2071 507 2113 robora
531 2079 629 2113 sunt
652 2071 805 2113 umeri:
829 2071 1078 2126 lignosaque
1102 2071 1299 2113 bracchia
1322 2085 1444 2114 veros

355 2142 446 2170 esse
469 2135 592 2183 putes
615 2141 775 2177 ramos,
799 2135 840 2170 et
862 2142 948 2169 non
971 2127 1117 2169 fallare
1140 2127 1342 2183 putando.

287 2195 331 2227 85
411 2184 502 2226 Nec
526 2183 626 2225 satis
651 2183 731 2226 hoc
754 2183 927 2226 Baccho
950 2191 1025 2225 est.
1086 2184 1197 2239 ipsos
1222 2198 1390 2239 quoque
1414 2183 1716 2240 deseritagros

355 2254 536 2294 cumque
560 2240 687 2282 choro
711 2240 883 2283 meliore
908 2240 973 2282 sui
996 2240 1137 2282 vineta
1160 2240 1315 2283 Timoli
1571 2241 1714 2285 [Mida-³·

353 2296 644 2351 Pactolonque
667 2297 792 2352 petit3
818 2296 1011 2351 quamvis
1034 2310 1119 2338 non
1143 2311 1296 2339 aureus
1318 2297 1392 2340 illo

353 2360 541 2409 tempore
565 2368 643 2396 neo
667 2353 774 2395 caris
798 2361 888 2396 erat
910 2353 1143 2395 invidiosus
1166 2353 1346 2396 harenis.

353 2410 466 2451 hunc
490 2417 657 2452 assueta
681 2409 829 2452 cohors
856 2408 997 2465 Satyri
1021 2409 1300 2464 Bacchaeque
1324 2410 1608 2465 frequentant.

286 2477 330 2510 90
354 2474 396 2507 at
423 2465 591 2508 Silenus
616 2466 748 2508 abest.
807 2466 1057 2508 titubantem
1082 2466 1286 2520 annisque
1309 2480 1510 2521 meroque

353 2523 559 2564 ruricolae
584 2537 731 2578 cepere
754 2522 968 2578 Phryges,
993 2522 1265 2576 vinctumque
1290 2523 1453 2565 coronis

354 2578 408 2619 ad
433 2593 576 2634 regem
602 2579 759 2621 duxere
783 2579 954 2629 Midan,
980 2579 1046 2620 cui
1072 2579 1278 2621 Thracius
1303 2577 1503 2635 Orpheus

354 2634 472 2689 orgia
495 2635 722 2677 tradiderat
747 2650 843 2677 cum
868 2633 1075 2691 Cecropio
1099 2634 1324 2691 Eumolpo.

352 2691 427 2744 qui
450 2691 573 2733 simul
597 2692 770 2747 agnovit
794 2692 954 2733 socium
978 2692 1258 2746 comitemque
1282 2706 1511 2743 sacrorum,

285 2759 326 2790 95
353 2746 526 2803 hospitis
552 2748 735 2790 adventu
759 2748 914 2791 festum
938 2748 1157 2804 genialiter
1180 2748 1266 2804 egit
