1774 3256
240 533 288 564 20

241 813 287 845 25

240 1094 288 1126 30

240 1375 286 1407 35

239 1656 287 1687 40

238 1938 286 1969 45

239 2219 287 2250 50

238 2499 284 2530 55

240 2778 284 2811 60

308 263 368 305 90
753 269 798 306 Ρ.
823 268 990 306 0V1D11
1010 266 1228 305 NASONIS

311 367 389 394 nec
412 351 544 394 factas
568 351 703 393 solum
726 357 864 392 vestes
888 356 1076 404 spectare
1099 349 1291 398 iuvabat3

310 418 402 450 tum
426 421 615 462 quoque,
639 421 735 448 cum
759 406 926 447 fierent.
951 413 1092 447 tantus
1116 405 1243 447 decor
1265 404 1401 448 adfuit
1425 404 1519 449 arti.

312 464 401 506 sive
424 463 573 505 rudem
596 462 753 518 primos
777 462 917 503 lanam
940 461 1236 527 glomerabat'
1223 477 1269 503 111
1292 461 1430 512 orbes,

313 535 387 562 seu
412 519 552 575 digitis
577 518 801 574 subigebat
823 532 929 573 opus
952 517 1212 573 repetitaque
1236 518 1365 574 longo

311 576 468 618 vellera
490 553 699 616 ιιιοΙΙίὶιειιΟ
701 574 878 617 nebulas
902 574 1128 628 aequantia
1149 581 1301 624 tractu,

311 632 400 674 sive
424 632 506 674 levi
530 639 704 673 teretem
728 631 924 672 versabat
946 630 1096 686 pollice
1120 630 1277 680 fusum,

312 703 387 730 seu
410 688 626 754 pingebat
637 702 734 729 acu.
761 686 887 729 scires
912 702 937 728 a
959 686 1136 729 Pallade
1160 687 1342 729 doctam.

311 745 426 799 quod
449 751 591 786 tamen
614 744 707 799 ipsa
729 751 875 798 negat,
901 750 1101 797 tantaque
1125 743 1287 785 offensa
1309 742 1513 799 magistra

312 800 482 843 ‘certet'
508 800 602 842 ait‘
609 814 787 842 meeum.
846 799 950 841 nihil
974 807 1054 848 est,
1079 799 1192 854 quod
1216 799 1329 842 victa
1349 798 1569 842 recusem.'

310 857 455 899 Pallas
479 871 606 898 anum
630 857 799 898 simulat
822 855 1069 909 falsosque
1058 871 1099 897 ιιι
1125 864 1316 911 tempora
1338 870 1466 898 canos

311 913 428 955 addit
452 920 494 955 et
515 913 702 954 infirmos
725 912 877 954 baculo
901 926 1069 966 quoque
1094 912 1272 954 sustinet
1293 919 1421 954 artus.

310 977 401 1011 tum
425 969 485 1011 sic
508 983 604 1011 orsa
625 968 758 1024 loqui:
784 973 888 1010 ‘non
912 968 1053 1010 omnia
1075 968 1274 1023 grandior
1297 975 1426 1018 aetas,

312 1039 421 1080 quae
445 1025 672 1081 fugiamus,
696 1025 840 1067 habet:
867 1025 968 1067 seris
992 1024 1108 1067 venit
1130 1039 1234 1066 usus
1258 1024 1312 1066 ab
1336 1024 1472 1068 annis.

312 1082 532 1124 consilium
556 1096 610 1123 ne
634 1096 783 1137 sperne
806 1095 960 1123 meum.
1018 1081 1095 1122 tibi
1118 1081 1234 1122 fama
1255 1087 1424 1136 petatur

310 1139 420 1180 inter
442 1138 638 1179 mortales
662 1137 880 1180 faciendae
904 1137 1088 1179 maxima
1110 1138 1251 1180 lanae:

311 1194 414 1236 cede
439 1194 543 1236 deae
566 1193 816 1247 veniamque
839 1193 942 1243 tuis,
965 1193 1205 1242 temeraria,
1230 1193 1352 1236 dictis

312 1250 500 1305 supplice
522 1264 626 1292 voce
649 1264 766 1314 roga.
825 1250 992 1291 veniam
1016 1249 1134 1292 dabit
1156 1250 1228 1291 illa
1250 1249 1431 1305 roganti.
1433 1249 1444 1268 ’

311 1307 461 1362 aspicit
483 1306 592 1348 hanc
616 1306 764 1355 torvis,
787 1306 1038 1361 inceptaque
1060 1305 1132 1347 fila
1154 1305 1366 1360 relinquit,

311 1363 467 1417 vixque
490 1377 663 1404 manum
686 1362 883 1412 retinens,
908 1362 1184 1416 confessaque
1208 1362 1428 1404 vultibus
1416 1377 1525 1404 iram

310 1419 465 1461 talibus
489 1418 710 1460 obscuram
734 1425 925 1460 resecuta
948 1425 1011 1460 est
1033 1418 1213 1460 Pallada
1236 1418 1378 1460 dictis.

311 1475 481 1517 ‘mentis
503 1474 626 1540 inops
649 1475 859 1530 longaque
882 1475 1000 1517 venis
1024 1475 1215 1516 confecta
1239 1481 1420 1517 senecta.

311 1539 353 1574 et
375 1531 552 1573 nimium
575 1531 730 1573 vixisse
754 1531 827 1572 diu
850 1538 985 1573 nocet.
1044 1531 1189 1573 audiat
1211 1531 1327 1581 istas,

310 1588 347 1629 si
370 1602 456 1642 qua
478 1587 555 1629 tibi
577 1602 708 1629 nurus
733 1594 814 1636 est,
840 1587 876 1628 si
898 1601 984 1641 qua
1007 1594 1070 1629 est
1092 1587 1169 1628 tibi
1190 1587 1290 1637 filia,
1314 1601 1454 1631 voces.

311 1643 474 1686 consilii
497 1643 598 1686 satis
622 1651 686 1686 est
709 1644 753 1685 in
775 1659 843 1685 me
866 1643 982 1685 mihi.
1041 1658 1147 1686 neve
1172 1644 1381 1686 monendo

309 1700 537 1755 profecisse
561 1707 701 1755 putes:
726 1700 875 1742 eadem
899 1708 961 1741 est
984 1700 1189 1742 sententia
1211 1700 1347 1742 nobis.

310 1771 386 1798 eur
409 1771 494 1797 non
517 1756 610 1811 ipsa
632 1756 771 1798 venit?
795 1770 870 1798 cur
892 1756 997 1798 haec
1021 1756 1251 1798 certamina
1273 1755 1422 1798 vitat?’

309 1820 400 1853 tum
425 1813 505 1854 dea
529 1812 698 1854 ‘venitl’
724 1812 783 1854 ait
805 1812 1068 1866 formamque
1091 1812 1269 1854 removit
1291 1812 1444 1854 anilem

310 1868 572 1923 Palladaque
597 1868 799 1911 exhibuit.
858 1876 1110 1910 venerantur
1132 1869 1307 1910 numina
1329 1867 1543 1924 nymphae

310 1924 680 1980 Mygdonidesque
704 1939 854 1966 nurus:
881 1925 970 1966 sola
993 1932 1057 1966 est
1080 1939 1165 1966 non
1189 1925 1334 1966 territa
1356 1924 1490 1980 virgo.

310 1981 385 2023 sed
409 1988 550 2022 tamen
574 1980 753 2030 erubuit,
779 1980 1027 2034 subitusque
1050 1980 1182 2022 invita
1205 1980 1367 2023 notavit

311 2052 385 2079 ora
407 2037 536 2078 rubor
558 2051 786 2091 rursusque
810 2037 998 2079 evanuit:
1023 2046 1071 2078 ut
1095 2037 1200 2079 solet
1223 2041 1296 2079 ae'r

309 2108 547 2149 purpureus
571 2093 678 2143 fieri,
703 2108 800 2135 cum
823 2093 1004 2148 primum
1029 2107 1179 2134 aurora
1202 2100 1408 2143 movetur,

311 2158 353 2191 et
376 2150 504 2192 breve
528 2157 622 2205 post
645 2156 812 2204 tempus
837 2149 1088 2191 candescere
1112 2149 1209 2191 solis
1233 2149 1288 2191 ab
1311 2158 1419 2191 ortu.

311 2214 469 2261 perstat
491 2206 536 2247 in
558 2206 744 2261 incepto,
770 2206 1028 2259 stolidaeque
1052 2205 1248 2261 cupidine
1271 2206 1437 2261 palmae

308 2262 353 2303 in
377 2277 454 2303 sua
476 2261 564 2303 fata
586 2262 682 2303 ruit.
740 2276 878 2316 neque
902 2262 1014 2304 enim
1036 2261 1138 2304 Iove
1161 2269 1260 2303 nata
1282 2268 1450 2304 recusat

308 2332 387 2360 nec
411 2325 553 2360 monet
576 2318 749 2360 ulterius
773 2333 852 2360 nec
875 2319 959 2359 iam
984 2318 1211 2360 certamina
1235 2317 1388 2360 differt.

308 2374 423 2416 haud
446 2387 584 2424 mora,
609 2374 842 2416 consistunt
866 2374 1040 2416 diversis
1065 2374 1254 2429 partibus
1279 2375 1429 2416 ambae

309 2438 351 2472 et
374 2431 521 2486 gracili
544 2430 735 2486 geminas
758 2430 980 2472 intendunt
1003 2430 1181 2472 stamine
1204 2430 1322 2472 telas.

310 2487 393 2528 tela
416 2487 516 2542 iugo
539 2487 681 2528 vincta
704 2494 785 2535 est,
810 2495 972 2528 stamen
996 2486 1174 2529 secernit
1197 2486 1402 2537 harundo,

307 2542 503 2584 inseritur
526 2543 713 2586 medium
737 2543 864 2585 radiis
889 2543 1110 2585 subtemen
1134 2542 1282 2592 acutis,

309 2598 423 2653 quod
447 2598 566 2654 digiti
590 2599 837 2654 expediunt,
861 2606 987 2653 atque
1010 2598 1119 2640 inter
1141 2599 1322 2641 stamina
1344 2599 1519 2642 ductum

309 2669 508 2709 percusso
531 2655 688 2697 feriunt
710 2655 858 2697 insecti
880 2655 1045 2711 pectine
1070 2655 1229 2697 dentes.

309 2717 487 2764 utraque
511 2710 698 2761 festinat,
724 2712 968 2766 cinctaeque
993 2712 1047 2753 ad
1070 2719 1242 2767 pectora
1265 2718 1404 2754 vestes

307 2766 504 2809 bracchia
528 2767 652 2811 docta
674 2775 863 2819 movent,
888 2767 1024 2810 studio
1049 2767 1219 2810 fallente
1242 2767 1442 2811 laborem.
