1786 3242
293 253 789 294 METAMORPHOSEON
811 256 909 292 LIB.
934 256 1040 294 VIH.
1066 256 1261 294 363—450.

80 333 292 384 ‘forfibusz
314 334 493 379 Ancaeo
517 337 663 379 nocuit
686 338 910 381 temeraria
933 338 1095 381 virtus?

157 392 216 444 ἴε,
241 399 285 436 et
306 396 451 436 aerata
473 393 594 436 torsit
616 409 749 450 grave
773 395 948 451 cuspide
973 410 1170 438 cornum:

22 496 23 499 ,
76 449 165 495 ἰοπὶ
186 448 296 492 bene
318 448 472 492 librato
495 450 669 505 votique
692 458 864 507 potente
888 452 1033 495 futuro

63 518 69 539 1
84 505 252 553 obstitit
275 506 472 549 aesculea
495 506 722 550 frondosus
746 508 801 550 ab
825 508 975 552 arbore
999 524 1156 556 ramus.

21 596 23 598 -
73 561 204 608 'amisit
225 569 269 606 et
291 562 531 606 Aesonides
555 563 761 614 iaculum,
787 565 902 620 quod
927 580 1050 608 casus
1075 566 1130 608 ab
1153 566 1226 609 illo

58 618 216 664 <tren-tit
236 618 283 662 in
305 619 507 663 immeriti
530 619 668 663 fatum
691 621 899 672 latrantis,
925 630 968 665 et
990 622 1102 666 inter

74 684 139 725 ,Μ
183 675 422 719 coniectum
445 676 595 720 tellure
618 692 695 743 per
716 677 789 720 ilia
811 678 946 720 fixum
971 687 1046 722 est.

18 761 22 767 ν
67 739 136 781 u
153 746 306 789 manus
330 730 526 777 Oenidae
549 741 704 776 variat:
729 734 954 790 missisque
979 735 1160 788 duabus,

20 810 22 814 ³
63 786 212 845 ,βιαία
233 789 349 846 prior
371 796 502 840 terra,
526 790 667 833 medio
692 791 809 833 stetit
832 792 964 834 altera
988 800 1122 848 tergo.

17 914 21 927 ²
58 901 419 959 &ridentemque
441 917 554 946 novo
579 918 774 960 spumam
798 918 897 948 cum
920 906 1126 962 sanguine
1150 906 1304 958 fundit,

20 964 21 967 ’
66 959 274 1004 *uulneris
297 967 446 1003 auctor
468 960 589 1003 adest
612 960 863 1017 hostemque
886 962 1024 1005 irritat
1048 963 1104 1006 ad
1126 963 1236 1006 iram

14 1059 16 1061 ,
70 1015 393 1076 splendidaque
416 1017 617 1060 adversos
642 1018 855 1061 venabula
878 1019 1022 1062 condit
1044 1019 1089 1062 in
1114 1035 1268 1065 armos.

15 1074 26 1107 ·J
55 1073 246 1133 ,,ειιι(1ἰη
267 1080 477 1117 testantur
499 1075 602 1118 socii
626 1076 810 1118 clamore
835 1077 1022 1119 secundo

16 1163 18 1165 »
57 1128 388 1186 ,victricemque
410 1138 563 1189 petunt
586 1132 760 1176 dextrae
784 1133 1043 1190 coniungere
1068 1134 1283 1187 dextram3

58 1220 62 1222 -
84 1186 402 1243 immanemque
425 1187 563 1231 ferum
588 1189 724 1231 multa
747 1189 897 1233 tellure
921 1190 1130 1234 iacentem

22 1287 26 1292 .,
49 1268 62 1289 1
82 1243 286 1289 mirantes
309 1251 522 1302 spectant,
546 1260 686 1301 neque
711 1246 852 1289 adhuc
876 1248 1121 1304 contingere
1144 1256 1286 1291 tutum

47 1310 63 1358 j]
81 1314 179 1345 esse
199 1308 372 1358 putant:
397 1302 474 1345 sed
496 1303 582 1346 tela
605 1310 748 1346 tamen
774 1319 851 1346 sua
875 1305 1054 1360 quisque
1079 1314 1284 1350 cruentat.

199 1357 309 1416 pede
331 1358 530 1415 imposito
555 1366 683 1416 caput
707 1360 923 1403 exitiabile
947 1362 1112 1418 pressit,

23 1418 58 1454 a}
81 1420 212 1471 atque
234 1414 296 1458 ita
318 1419 458 1458 ‘sume
481 1416 566 1459 mei
589 1417 792 1473 spolium,
816 1417 1050 1469 Nonacria,
1074 1419 1197 1462 iuris'

81 1469 192 1515 dixit
215 1476 277 1515 ‘et
299 1472 344 1514 in
367 1481 532 1530 partem
556 1474 699 1516 veniat
722 1489 818 1517 mea
842 1475 978 1530 gloria
1002 1476 1172 1519 tecum.’

8 1542 30 1582 'J
82 1528 276 1586 protinus
301 1529 477 1572 exuvias
499 1530 648 1586 rigidis
672 1530 886 1574 horrentia
911 1533 1036 1575 saetis

17 1587 20 1588 ⁷
82 1591 127 1629 te
229 1585 303 1628 dat
325 1593 369 1629 et
389 1587 558 1643 magnis
580 1587 766 1644 insignia
790 1588 987 1631 dentibus
1011 1604 1099 1632 ora.

11 1644 14 1647 “
52 1645 65 1697 ξ
81 1599 352 1686 ilhfqzetitiae
375 1651 439 1686 est
463 1658 562 1686 cum
585 1659 762 1688 munere
786 1646 972 1689 muneris
998 1654 1163 1690 auctor:

15 1719 22 1751 ς
81 1696 278 1743 invidere
297 1699 387 1751 alii,
412 1707 587 1756 totoque
611 1709 703 1744 erat
727 1702 898 1758 agmine
921 1718 1125 1746 murmur.

10 1787 11 1790 ,
69 1759 109 1800 ‘e
130 1755 287 1812 quibus
309 1755 472 1814 ingenti
497 1757 719 1801 tendentes
743 1758 943 1802 bracchia
965 1774 1071 1804 voce

79 1815 96 1836 ⁴
157 1827 232 1863 ne,
257 1827 357 1870 age,
381 1828 462 1857 nec
484 1813 628 1857 titulos
651 1815 875 1871 intercipe,
900 1816 1079 1868 femina,
1105 1819 1299 1870 nostros,'

153 1868 340 1914 estiadae
364 1870 549 1914 clamant
573 1876 672 1915 ‘nec
696 1879 738 1915 te
761 1873 918 1916 fiducia
940 1873 1104 1918 formae

3 1942 7 1950 ¹
27 1925 62 1984 ’ᾖ
79 1924 285 1984 decipiat,
308 1942 393 1970 neu
417 1927 471 1970 sit
493 1928 622 1985 longo
646 1929 724 1972 tibi
749 1937 899 1986 captus
924 1946 1068 1975 amore

79 1982 248 2027 auotor’
273 1990 316 2027 et
338 1983 438 2027 huic
462 1985 653 2028 adimunt
677 2001 852 2037 munus,
876 1987 942 2029 ius
968 1989 1154 2032 muneris
1179 1989 1252 2032 illi.

18 2060 30 2068 ”
78 2039 784 2142 Ἓοῖἳέἳξὲἒῒέἰξὲθῗῧ“3ῗέῗ
807 2043 1050 2144 Ῥὲἓέἕὲἷξω
1074 2045 1138 2089 ira

78 2150 196 2197 facta
217 2112 572 2210 m'iniquuantum
596 2157 778 2208 distent,’
803 2133 1030 2213 hausitqu'e
1054 2159 1241 2203 nefando

18 2223 21 2239 ‘1
161 2216 254 2254 tora
275 2210 400 2254 Plexi
432 2212 495 2268 pi,
519 2213 580 2255 nil
604 2214 687 2256 tale
711 2214 920 2265 timentia,
945 2215 1072 2258 ferro.

18 2282 20 2287 ’
42 2287 50 2318 -χ
120 2281 248 2318 oxea,
272 2267 377 2323 quid
418 2268 548 2320 aciat,
573 2270 772 2322 dubium,
798 2271 1039 2328 pariterque
1063 2274 1275 2316 volentem

80 2322 230 2367 ulcisci
252 2323 427 2368 fratrem
450 2325 722 2382 fraternaque
746 2328 836 2370 fata
860 2328 1079 2373 timentem

3 2383 54 2436 ³³}
77 2378 195 2423 haud
217 2381 376 2438 patitur
399 2382 592 2426 dubitare
617 2384 710 2434 diu,
735 2385 1004 2440 calidumque
1029 2387 1160 2443 priori

2 2437 51 2492 ij
75 2437 210 2481 caede
233 2438 451 2482 recalfecit
473 2441 659 2483 consorti
683 2442 892 2498 sanguine
916 2444 1061 2486 telum.

133 2492 266 2537 Dona
288 2495 417 2538 deum
440 2497 627 2553 templis,
651 2506 752 2541 nato
776 2499 954 2550 victore,
979 2500 1157 2552 ferebat,

1 2556 178 2597 011111
201 2550 318 2595 videt
341 2551 549 2596 extinctos
572 2554 725 2597 fratres
749 2555 937 2598 Althaea
961 2557 1123 2600 referri.

19 2625 47 2665 J
75 2619 189 2663 qnae
211 2608 418 2666 plangore
441 2609 542 2652 dato
566 2611 737 2654 maestis
762 2613 1019 2656 clamoribus
1045 2615 1196 2658 urbem

77 2662 228 2721 implet
250 2672 294 2708 et
317 2666 476 2709 auratis
499 2668 682 2711 mutavit
705 2669 893 2712 vestibus
918 2677 1044 2714 atras.

79 2727 125 2763 at
149 2719 276 2765 simul
299 2730 364 2766 est
386 2730 535 2767 auctor
556 2725 672 2768 necis
698 2725 856 2776 editus,
881 2727 1038 2771 excidit
1061 2729 1197 2772 omnis

77 2774 238 2830 luctus,
262 2786 305 2822 et
328 2794 355 2823 a
377 2780 561 2825 lacrimis
585 2781 629 2825 in
652 2797 816 2840 poenae
840 2798 987 2828 versus
1012 2800 1198 2830 amorem
1223 2795 1300 2831 est.

79 859 169 893 mec
189 859 328 890 mora:
353 846 457 889 dum
481 846 634 896 saevit,
659 847 762 890 dum
786 861 965 904 corpora
987 857 1130 892 versat
1152 849 1196 892 in
1221 850 1370 894 orbem

1384 247 1469 291 135

1491 523 1562 556 410

1491 807 1559 840 415

1490 1093 1560 1126 420

1489 1378 1558 1410 425

1472 1662 1558 1696 --430

1486 1947 1555 1980 435

1485 2232 1554 2264 440

1389 2513 1551 2550 Althaea.

1482 2574 1551 2606 446

1482 2803 1552 2836 450
