1786 3242
309 247 802 286 METAMORPHOSEON
824 246 922 284 LIB.
948 246 1034 284 XV.
1060 245 1253 283 317—404.

91 331 132 377 si
152 345 243 388 qua·
260 330 367 374 fides
391 330 519 373 rebus
543 337 685 373 tamen
710 336 775 372 est
798 327 995 371 addenda
1017 326 1221 384 probatis,

93 403 234 433 nonne
257 387 397 438 vides,
421 400 716 442 quaecumque
740 399 860 428 mora
882 384 1066 427 fluidove
1091 384 1230 426 calore

45 495 47 498 .
91 458 271 502 corpora
293 443 527 494 tabuerint,
551 443 596 485 in
619 457 753 498 parva
776 441 977 484 animalia
999 440 1131 484 verti?

90 501 109 544 i
131 513 318 557 quoque,
342 500 528 543 delectos
552 506 759 541 mactatos
783 498 917 540 obrue
941 505 1104 540 tauros:
1127 520 1187 527 —

93 556 264 615 cognita
285 571 354 600 res
377 570 459 598 usu
481 579 540 586 —
562 555 616 598 de
639 554 753 611 putri
776 554 939 597 viscere
962 553 1121 610 passim

88 613 308 669 florilegae
331 619 563 655 nascuntur
586 627 611 653 a
643 626 708 660 es,
733 625 844 665 quae
867 624 984 653 more
1009 617 1234 666 parentum

89 684 192 713 rura
214 669 359 713 colunt
381 668 597 724 oper-ique
626 675 754 709 avent
775 667 820 709 in
844 681 1049 723 spemque
1072 666 1280 709 laborant.

91 740 264 784 pressus
287 725 418 768 humo
441 723 620 767 bellator
642 738 777 779 equus
801 723 1019 766 crabronis
1043 723 1162 779 origo
1187 730 1263 766 est.

0 775 1 788 ³
42 813 46 815 -
88 796 280 826 concava
302 781 451 824 litoreo
476 781 511 823 si
535 780 682 822 demas
706 779 904 822 bracchia
928 793 1095 829 cancro,

11 862 15 869 ·
88 846 233 883 cetera
257 852 472 894 supponas
495 845 652 886 terrae,
678 836 731 879 de
754 843 874 892 parte
899 836 1065 891 sepulta

10 904 13 907 '
87 895 283 952 scorpius
306 894 438 938 exibit
462 893 684 948 caudaque
707 892 939 935 minabitur
962 906 1085 935 unca.

8 993 12 996 .
87 965 288 1008 quaeque
313 951 449 994 solent
477 950 595 993 canis
619 949 791 992 frondes
815 949 1003 992 intexere
1027 948 1109 991 filis

11 1038 15 1044 .
89 1014 282 1074 agrestes
306 1007 446 1050 tineae
469 1030 528 1038 -
550 1021 617 1049 res
641 1006 866 1049 observata
889 1005 1050 1048 colonis
1072 1029 1132 1036 —

4 1121 38 1332 ἑ

90 1064 214 1108 ferali
237 1071 405 1107 mutant
428 1078 527 1107 cum
549 1063 762 1130 papilione
786 1062 981 1118 figuram.

94 1120 256 1164 semina
277 1120 405 1163 limus
427 1120 558 1162 habet
581 1119 736 1162 virides
759 1119 1008 1175 generantia
1031 1134 1156 1161 ranas

89 1184 138 1220 et
158 1185 336 1234 generat
358 1185 529 1219 truncas
553 1176 754 1232 pedibus,
778 1190 879 1218 mox
904 1183 1004 1232 apta
1026 1176 1212 1218 natando

94 1248 219 1277 crura
241 1233 333 1284 dat,
357 1242 491 1288 utque
514 1232 664 1275 eadem
689 1233 773 1274 sint
795 1232 934 1288 longis
959 1232 1135 1275 saltibus
1161 1240 1274 1289 apta,

91 1289 302 1346 posterior
324 1296 496 1346 superat
517 1296 660 1346 partes
683 1303 883 1331 mensura
905 1289 1079 1344 priores.

88 1361 172 1390 nec
196 1346 382 1396 catulus,
405 1352 531 1402 partu
555 1360 683 1401 quem
706 1345 890 1388 reddidit
912 1360 1013 1387 ursa
1035 1345 1207 1395 recenti,

95 1403 169 1447 sed
192 1403 303 1446 male
327 1402 426 1445 viva
449 1416 548 1445 caro
572 1411 654 1445 est:
679 1402 907 1445 lambendo
932 1409 1068 1444 mater
1090 1403 1134 1444 in
1159 1409 1275 1444 artus

11 1462 30 1538 {3

2 1643 36 1769 e}

91 1918 192 1953 sunt
213 1910 308 1966 qui,
332 1925 430 1954 cum
454 1911 599 1954 clauso
622 1911 862 1967 putrefacta
885 1919 949 1954 est
972 1911 1095 1967 spina
1118 1912 1326 1968 sepulcro,

93 1459 216 1516 fingit
239 1467 282 1502 et
304 1459 349 1501 in
372 1459 575 1509 formam,
599 1466 804 1514 quantam
828 1458 942 1514 capit
965 1459 1077 1514 ipsa,
1102 1458 1278 1501 reducit.

92 1530 232 1559 nonne
256 1515 395 1566 vides,
420 1530 527 1571 quos
552 1530 650 1559 cera
672 1515 778 1571 tegit
802 1516 1036 1571 sexangula
1059 1515 1171 1557 fetus

90 1571 395 1615 melliferarum
419 1572 583 1628 apium,
608 1572 699 1615 sine
722 1571 923 1615 membris
948 1586 1125 1628 corpora
1147 1571 1265 1615 nasci

91 1636 137 1672 et
159 1642 360 1684 serosque
384 1629 514 1685 pedes
538 1642 738 1684 serasque
763 1643 978 1671 assumere
1002 1629 1189 1684 pennas?

93 1685 270 1728 Iunonis
293 1685 530 1735 volucrem,
554 1699 664 1740 quae
688 1685 825 1728 cauda
848 1685 987 1727 sidera
1010 1692 1165 1741 portat,

90 1741 438 1798 armigerumque
461 1741 578 1784 Iovis
602 1740 994 1798 Cythereiadasque
1019 1742 1238 1784 columbas

89 1805 141 1841 et
158 1811 296 1855 genus
319 1812 446 1841 omne
469 1798 613 1840 avium
638 1798 788 1840 mediis
813 1812 837 1840 e
860 1798 1052 1854 partibus
1077 1798 1158 1848 ovi,

94 1854 138 1898 ni
161 1854 286 1898 sciret
308 1854 418 1905 fieri,
441 1854 537 1909 quis
559 1855 677 1897 nasci
701 1869 827 1910 posse
850 1855 1043 1911 putaret?

11 2014 15 2022 .,
91 1967 248 2010 mutari
271 1967 446 2011 credant
466 1967 674 2010 humanas
699 1983 840 2034 angue
863 1968 1085 2010 medullas.

93 2024 200 2067 haec
222 2030 366 2067 tamen
389 2039 443 2067 ex
466 2024 560 2067 aliis
583 2025 752 2080 generis
776 2025 1007 2080 pnmordia
1031 2025 1210 2075 ducunt3

92 2095 180 2123 una
203 2088 288 2131 est,
314 2095 426 2136 quae
448 2088 616 2137 reparet
639 2095 770 2136 seque
794 2081 888 2137 ipsa
910 2082 1155 2132 reseminet,
1181 2082 1290 2124 ales:

94 2136 263 2192 Assyrii
286 2137 495 2193 phoenica
517 2145 685 2180 vocant.
743 2152 823 2181 nec
845 2138 972 2193 fruge
995 2152 1136 2193 neque
1160 2138 1316 2188 herbis,

92 2193 170 2236 sed
192 2193 299 2236 turis
322 2193 506 2237 lacrimis
530 2201 574 2237 et
596 2208 698 2237 suco
723 2194 829 2236 vivit
851 2194 1020 2236 amomi.

93 2249 199 2293 haec
221 2249 298 2293 ubi
320 2251 509 2305 quinque
533 2265 636 2293 suae
661 2251 889 2307 complevit
912 2252 1081 2294 saecula
1105 2251 1231 2303 vitae,

92 2306 199 2349 ilicis
221 2306 267 2348 in
289 2307 419 2349 ramis
443 2307 703 2350 tremulaeve
727 2307 946 2350 cacumine
969 2308 1137 2364 palmae

92 2362 309 2419 unguibus
334 2371 377 2407 et
399 2378 508 2420 puro
531 2363 680 2406 nidum
705 2364 786 2406 sibi
810 2364 1016 2406 construit
1038 2379 1124 2408 ore.

92 2433 179 2474 quo
203 2419 330 2462 simul
353 2434 404 2463 ac
428 2420 564 2463 casias
589 2428 632 2463 et
653 2421 776 2463 nardi
799 2421 905 2463 lenis
929 2421 1079 2464 aristas

91 2489 332 2531 quassaque
357 2491 455 2519 cum
478 2476 598 2519 fulva
620 2477 851 2520 substravit
873 2478 1069 2520 cinnama
1092 2494 1249 2531 murra,

8 2557 13 2562 Α
90 2546 138 2575 se
162 2546 212 2574 su
244 2547 291 2575 er
312 2532 493 2589 imponit
514 2533 692 2589 finitque
715 2534 759 2576 in
781 2534 982 2577 odoribus
1007 2550 1173 2578 aevum.

90 2587 190 2631 inde
233 2596 375 2639 erunt,
399 2589 576 2633 totidem
599 2590 673 2646 qui
697 2591 839 2633 vivere
863 2591 1017 2634 debeat
1040 2607 1186 2643 annos,

90 2658 267 2701 corpore
292 2645 346 2688 de
369 2646 506 2702 patrio
529 2662 709 2713 parvum
733 2647 942 2704 phoenica
964 2649 1141 2692 renasci.

90 2714 189 2742 cum
213 2701 330 2744 dedit
353 2702 452 2745 huic
475 2711 592 2746 aetas
616 2719 747 2755 vlres,
772 2705 973 2760 onerique
995 2705 1170 2749 ferendo
1195 2715 1272 2757 est,

90 2757 349 2814 ponderibus
373 2759 462 2802 nidi
486 2775 626 2804 ramos
649 2761 763 2805 levat
786 2761 947 2805 arboris
973 2763 1082 2806 altae

1380 227 1470 279 '263

1495 565 1563 598 365

1496 847 1563 878 370

1496 1131 1563 1163 375

1496 1415 1564 1447 380

1495 1698 1563 1731 385

1495 1983 1564 2016 390

1493 2267 1561 2299 395

1492 2552 1561 2583 400
