1774 3256
80 1754 83 1755 γ
131 1705 159 1732 n

129 1760 185 1804 Pe

131 322 172 369 ti
192 322 335 368 facere
358 322 645 366 hoc1aliamve
668 331 808 381 potest
830 339 1090 381 praeponere
1113 325 1251 376 nobis,

132 380 301 425 occidat
321 379 365 423 in
445 389 528 423 tus.
587 381 662 423 sed
686 396 771 423 non
794 381 831 423 is
855 382 999 424 vultus
1022 381 1066 424 in
1089 382 1176 433 illo,

132 451 222 483 non
243 451 296 481 ea
317 451 374 480 no
404 437 517 480 ilitas
540 437 695 486 ειιιίιιιοκ
706 445 789 488 est,
814 453 866 481 ea
920 439 1027 481 ratia
1049 439 1226 490 formae,

133 500 182 541 ut
204 493 378 537 timeam
399 493 597 537 fraudem
620 494 843 550 meritique
868 509 893 537 ο
924 495 1025 538 livia
1047 495 1193 538 nostri.

131 557 176 595 et
198 549 319 594 dabit
341 558 440 595 ante
462 551 612 602 fidem,
636 565 873 608 cogamque
896 552 941 594 in
964 552 1138 596 foedera
1161 560 1290 596 testes

130 622 228 652 esse
251 607 366 651 deos.
453 607 529 650 uid
550 615 643 650 tuta
665 608 814 651 times?
849 609 1084 665 accingere,
1109 617 1150 652 et
1173 624 1343 652 omnem

133 664 244 723 pelle
265 679 430 708 moram
501 664 579 707 tibi
602 679 648 707 se
672 679 838 721 semper
861 665 1033 709 debebit
1056 666 1197 716 Iason,

132 730 179 765 te
198 720 294 772 face
317 721 512 764 sollemni
533 721 683 777 iunget
706 721 805 771 sibi,
829 736 990 778 perque
1014 722 1221 779 Pelasgas

131 777 342 823 servatrix
364 778 492 821 urbes
517 785 700 820 matrum
725 778 994 821 celebrabere
1017 779 1155 821 turba.
1179 803 1238 809 —

132 849 238 893 ergo
260 849 285 878 e
317 849 343 878 ο
365 849 614 892 germanam
636 834 898 889 fratremque
920 843 1170 890 patremque
1194 836 1382 891 deosque

131 899 178 936 et
198 899 272 935 nat
316 907 341 936 e
364 891 502 935 solum
524 891 662 934 ventis
685 891 828 934 ablata
851 892 1112 947 relinquam?

131 963 287 1006 nempe
309 956 431 1006 pater
453 963 624 999 saevus,
648 963 803 1004 nempe
827 958 891 991 est
914 963 1010 991 mea
1032 949 1215 991 barbara
1237 949 1376 1000 tellus,

132 1005 265 1050 frater
287 1005 429 1049 adhuc
451 1005 605 1048 infans.
664 1013 777 1048 stant
801 1020 969 1048 mecum
993 1013 1092 1048 vota
1116 1006 1289 1048 sororis:

133 1062 345 1106 maximus
368 1062 480 1105 intra
501 1077 571 1105 me
595 1062 700 1105 deus
725 1070 801 1105 est.
861 1077 946 1104 non
971 1078 1129 1119 magna
1151 1063 1404 1118 relinquam,

67 1137 70 1139 ’
131 1134 292 1187 magna
314 1133 488 1176 sequar:
513 1119 684 1162 titulum
708 1127 900 1162 servatae
925 1120 1050 1175 pubis
1075 1120 1271 1163 Achivae

131 1177 411 1232 notitiamque
433 1177 516 1219 loci
539 1176 723 1219 melioris
748 1183 791 1219 et
814 1177 990 1233 oppida,
1014 1191 1198 1232 quorum

133 1232 204 1276 hic
226 1247 396 1290 quoque
419 1233 535 1276 fama
557 1234 694 1289 viget,
718 1234 943 1288 cultusque
967 1242 1163 1288 artesque
1187 1234 1398 1284 locorum;

162 1304 346 1346 nemque
370 1305 452 1347 ego
475 1305 575 1333 cum
597 1290 746 1340 rebus,
770 1305 877 1346 quas
901 1298 1014 1333 totus
1037 1291 1225 1347 possidet
1248 1291 1376 1341 orbis,

178 1347 382 1391 esoniden
403 1354 591 1390 mutasse
614 1347 755 1390 velim.
814 1361 900 1401 quo
925 1347 1106 1404 coniuge
1129 1348 1233 1391 felix

128 1411 175 1448 et
199 1403 264 1447 dis
288 1419 388 1448 cara
409 1404 522 1448 ferar
546 1412 588 1448 et
611 1405 767 1447 vertice
792 1404 930 1447 sidera
954 1412 1140 1462 tangam.

127 1461 236 1560 quid
259 1461 374 1517 quod
397 1461 542 1505 nescio
566 1461 640 1516 qui
663 1461 814 1504 mediis
838 1476 1088 1504 concurrere
1112 1462 1156 1504 in
1179 1461 1305 1504 undis

161 1519 332 1562 icantur
353 1525 538 1568 montes,
561 1518 808 1573 ratibusque
831 1518 1001 1560 inimica
1026 1517 1269 1575 Charybdis

131 1589 247 1618 nunc
270 1575 441 1619 sorbere
463 1575 622 1618 ftetum
643 1589 758 1617 nunc
780 1575 976 1626 reddere,
1001 1575 1223 1631 cinctaque
1248 1575 1386 1619 saevis
1478 1583 1500 1604 ⁸

129 1630 281 1689 Scylla
302 1647 437 1688 rapax
460 1632 637 1676 canibus
663 1630 808 1675 Siculo
832 1633 986 1675 latrare
1010 1632 1248 1688 profundo?

162 1703 231 1733 em
261 1704 287 1732 e
309 1696 458 1732 tenens
481 1689 600 1745 quod
622 1681 739 1739 am'o,
763 1689 1011 1755 gremioque
1035 1690 1079 1731 in
1102 1690 1268 1731 Iasonis
1292 1690 1474 1733 haerens

186 1761 208 1789 r
230 1704 341 1790 geta
362 1746 497 1803 longa
515 1745 641 1788 ferar.
699 1745 804 1787 nih1l
827 1746 948 1788 illum
972 1747 1168 1802 amplexa
1192 1747 1390 1798 verebor3

128 1809 226 1854 aut,
249 1803 286 1846 si
308 1802 412 1859 quid
434 1809 641 1853 metuam,
665 1810 854 1845 metuam
879 1802 932 1845 de
956 1803 1137 1859 coniuge
1161 1803 1265 1845 solo.

129 1859 431 1917 coniugiumue
455 1867 579 1916 putas
603 1860 879 1916 speciosaque
902 1860 1076 1902 nomina
1098 1860 1250 1916 culpae

128 1916 332 1974 imponis,
355 1916 535 1967 Medea,
559 1917 684 1959 tuae?
719 1917 823 1971 quin
847 1916 1010 1973 aspice,
1035 1925 1242 1972 quantum

34 1988 54 2044 „31
130 1973 382 2041 aggrediare
404 1973 526 2017 nefas
550 1981 611 2024 et,
636 1974 738 2016 dum
761 1973 892 2040 licet,
905 1973 1048 2030 effuge
1073 1974 1259 2017 crimen.’

33 2047 52 2088 ,ς
128 2030 251 2074 dixit.
309 2038 351 2074 et
376 2038 474 2074 ante
497 2031 642 2074 oculos
666 2038 828 2073 rectum
851 2039 1072 2086 pietasque
1096 2031 1319 2087 pudorque

31 2090 53 2146 ἦ
129 2088 423 2138 constiterant,
447 2095 492 2130 et
513 2087 627 2130 victa
651 2087 780 2130 dabat
803 2088 889 2130 iam
913 2096 1034 2143 terga
1058 2086 1242 2144 Cupido.

187 2144 288 2187 Ibat
310 2144 366 2187 ad
389 2144 585 2200 antiquas
609 2145 796 2188 Hecates
821 2144 1048 2187 Perseidos
1072 2160 1181 2195 aras,

127 2215 238 2258 quas
259 2216 411 2245 nemus
434 2201 683 2244 umbrosum
707 2210 953 2256 secretaque
977 2202 1085 2243 silva
1107 2202 1294 2257 tegebat.

129 2265 175 2302 et
195 2257 284 2301 iam
305 2258 427 2301 fortis
451 2265 561 2309 erat,
585 2259 819 2315 pulsusque
842 2258 1057 2301 resederat
1081 2259 1225 2301 ardor:

37 2337 55 2371 ,ς
130 2329 231 2358 cum
253 2314 371 2359 videt
391 2315 658 2365 Aesoniden,
683 2316 952 2369 extinctaque
975 2315 1149 2358 flamma
1170 2315 1339 2359 reluxit.

32 2378 55 2422 ²22
130 2371 341 2416 erubuere
363 2387 520 2429 genae,
544 2380 718 2427 totoque
741 2372 962 2415 recanduit
985 2386 1070 2423 ore,

30 2435 58 2460 ⁴
130 2435 264 2485 utque
288 2429 396 2472 solet
416 2429 556 2472 ventis
579 2429 780 2472 alimenta
803 2444 1037 2479 assumere,
1063 2443 1258 2484 quaeque

33 2487 59 2547 ᾗ
130 2501 265 2543 parva
289 2486 369 2529 sub
391 2486 566 2529 inducta
588 2486 712 2528 latuit
734 2485 917 2528 scintilla
939 2485 1098 2536 favilla,

18 2557 22 2562 ·
53 2542 59 2594 ’ς
130 2557 322 2586 crescere
345 2550 388 2586 et
410 2543 455 2585 in
479 2549 643 2586 veteres
667 2542 828 2599 agitata
852 2557 1073 2598 resurgere
1098 2543 1223 2594 vires,

45 2636 55 2651 „
131 2598 194 2643 sic
215 2599 303 2642 iam
325 2599 432 2643 lenis
455 2613 589 2650 amor,
612 2599 698 2641 iam
721 2613 851 2654 quem
873 2599 1076 2655 languere
1100 2608 1287 2656 putares,

131 2662 182 2700 ut
202 2656 310 2700 vidit
331 2656 551 2707 iuvenem,
575 2656 714 2712 specie
738 2656 971 2713 praesentis
995 2656 1155 2699 inarsit.

54 2723 63 2729 “
132 2720 175 2756 et
198 2727 301 2756 casu
324 2713 447 2756 solito
470 2713 693 2756 formosior
715 2714 888 2756 Aesone
910 2719 1036 2755 natus

19 2785 55 2830 ᾗ
131 2769 206 2813 illa
227 2769 323 2816 luce
346 2770 442 2814 fuit.
500 2785 647 2828 posses
670 2770 890 2827 ignoscere
915 2770 1087 2813 amanti.

384 241 878 279 METAMORPHOSEON
899 242 998 279 ΜΒ.
1023 243 1110 280 vn.
1135 244 1258 280 1—85.
1426 233 1509 277 107
1580 223 1583 226 ’

1531 509 1578 542 45

1532 792 1579 826 50

1532 1076 1577 1109 55

1532 1361 1578 1394 60

1531 1645 1576 1678 65

1533 1932 1578 1964 70

1533 2217 1576 2248 75

1531 2501 1578 2533 80

1531 2785 1577 2818 85
