1786 3242
163 244 660 284 JOETAMORPHOSEON
674 247 772 284 LIB.
789 247 898 284 XIII.
912 247 1106 284 911—967.
1123 248 1228 285 XIV.
1246 246 1370 283 1—27.
1401 236 1489 282 235

61 346 67 358 ··
107 328 315 375 hactenus
338 335 436 372 acta
458 329 537 371 tibi
559 343 734 386 possum
757 329 1033 373 memoranda
1055 329 1227 380 referre,
1450 334 1456 337 ⁴
1510 343 1579 377 955

106 385 314 431 hactenus
336 384 443 429 haec
466 385 657 429 memini:
682 401 763 431 nec
785 402 904 430 mens
927 401 1024 430 mea
1047 394 1186 430 cetera
1210 386 1355 430 sensit.

66 470 68 474 >
105 455 219 501 quae
241 449 470 501 postquam
493 442 637 494 rediit,
661 443 792 486 alium
815 458 884 486 me
909 458 1083 500 corpore
1107 450 1210 493 toto,

53 538 55 543 .
106 498 351 544 ac-fueram
373 513 524 556 nuper,
547 514 687 556 neque
711 500 894 543 eundem
918 511 1058 543 mente
1082 499 1237 556 recepi.

52 572 65 613 ,ᾗ
105 556 218 601 hane
240 570 323 613 ego
346 562 438 599 tum
460 555 645 613 primum
669 557 848 600 viridem
872 556 1088 613 ferrugine
1112 556 1291 600 barbam

47 635 51 637 >
104 612 422 668 caesariemque
445 627 604 665 meam,
629 627 757 668 quam
780 614 910 670 longa
933 628 1010 670 per
1033 627 1218 668 aequora
1242 629 1380 665 verro,
1510 628 1581 662 960

62 687 63 690 ¹
105 669 388 727 ingentesque
410 683 581 713 umeros
606 678 649 713 et
672 670 842 714 caerula
865 670 1065 712 bracchia
1088 670 1177 712 vidi

52 768 55 770 ,
103 739 315 782 cruraque
336 725 561 785 pinnigero
585 734 762 770 curvata
784 726 1015 769 novissima
1038 726 1167 782 pisce.

51 816 55 820 v
104 782 210 840 quid
233 790 379 826 tamen
401 782 508 826 haec
531 783 714 840 species,
740 783 844 838 quid
869 783 934 826 dis
958 783 1168 839 placuisse
1193 784 1381 835 marinis,

52 889 54 892 ,
101 839 209 897 quid
231 839 349 883 iuvat
373 853 466 883 esse
490 839 638 890 deum,
663 839 699 882 si
722 846 770 882 tu
792 854 879 882 non
903 840 1089 896 tangeris
1113 839 1248 883 istis?'

53 943 55 947 ,
103 896 207 940 talia
229 896 460 947 dicentem,
484 895 696 939 dicturum
719 896 862 953 plura,
886 897 1056 952 reliquit
1510 911 1578 944 965

46 982 54 995 2
102 951 252 1010 Scylla
275 953 417 996 deum.
476 952 580 1006 furit
602 953 673 996 ille
696 953 882 996 irritatus
913 968 968 996 ue
991 953 1163 1009 repulsa

6 998 8 1000 ’
54 1035 57 1042 =-
103 1009 350 1068 prodigiosa
371 1009 478 1067 petit
501 1009 726 1053 Titanidos
749 1009 857 1053 atria
921 1010 1042 1053 irces.

445 1189 602 1225 LIBER
625 1189 868 1232 QUARTUS
891 1188 1132 1227 DECIMUS.

40 1304 43 1305 ’
103 1293 283 1350 Iamque
307 1292 535 1350 Giganteis
557 1293 755 1337 iniectam
779 1294 977 1337 faucibus
1000 1295 1173 1338 Aetnen

100 1364 291 1406 arvaque
315 1349 570 1418 Cyclopum,
595 1350 699 1406 quid
722 1360 875 1401 rastra,
900 1351 1005 1406 quid
1028 1367 1130 1394 usus
1157 1351 1299 1403 aratri,

101 1407 267 1458 nescia,
289 1422 370 1451 nec
394 1422 625 1463 qumquam
647 1407 803 1451 iunctis
827 1408 1026 1451 debentia
1049 1408 1204 1459 bubus,

32 1467 38 1478 ⁵
100 1463 284 1520 liquerat
305 1463 527 1507 Euboicus
551 1464 810 1507 tumidarum
834 1465 972 1507 cultor
995 1479 1223 1521 aquarum3

39 1523 45 1546 ³
100 1521 284 1578 liquerat
308 1529 351 1564 et
375 1521 564 1564 Zanclen
589 1521 853 1576 adversaque
876 1522 1045 1565 moenia
1067 1522 1223 1579 Rhegi,
1507 1537 1531 1569 5

16 1605 25 1620 ›.
99 1577 459 1636 navifragumque
481 1577 659 1628 fretum,
683 1579 854 1635 gemino
879 1579 996 1634 quod
1019 1579 1142 1622 litore
1165 1593 1361 1635 pressum

24 1638 38 1659 ¹
100 1635 323 1678 Ausoniae
349 1634 605 1690 Siculaeque
629 1642 745 1678 tenet
768 1635 951 1678 confinia
974 1643 1124 1679 terrae.

46 1719 48 1722 ·
100 1691 202 1736 inde
225 1707 356 1735 manu
379 1707 538 1749 magna
561 1691 784 1748 Tyrrhena
807 1707 884 1748 per
906 1707 1093 1747 aequora
1116 1700 1265 1735 vectus

74 1763 78 1764 ⁷
100 1748 337 1792 herbiferos
361 1749 464 1792 adiit
489 1749 618 1792 colles
642 1756 771 1804 atque
795 1749 903 1791 atria
927 1747 1122 1792 Glaucus

14 1817 25 1850 ἱ
46 1847 50 1854 2
101 1805 207 1858 Sole
231 1813 349 1849 satae
374 1803 542 1856 Circes,
567 1805 781 1848 variarum
805 1806 933 1862 plena
957 1806 1156 1849 ferarum.
1511 1821 1554 1854 10

99 1877 232 1918 quam
255 1863 382 1906 simffl
405 1862 591 1919 aspexit,
616 1862 729 1905 dieta
753 1871 1013 1919 acceptaque
1038 1864 1188 1914 salute,

100 1919 242 1971 ‘diva,
266 1919 336 1963 dei
359 1919 577 1969 miserere,
601 1918 769 1976 precor!
794 1935 894 1962 nam
920 1920 1010 1962 sola
1034 1921 1176 1963 levare

19 1974 41 2031 ρξ’
99 1984 149 2020 tu
170 1982 294 2034 potes
316 1975 450 2020 hunc’
475 1975 601 2026 dixit,
626 1976 792 2019 ‘videar
815 1977 943 2019 modo
968 1977 1142 2033 dignus,
1169 1991 1371 2021 amorem.

17 2031 46 2068 -ἕ
99 2040 264 2090 quanta
285 2032 342 2076 sit
364 2032 613 2084 herbarum,
637 2033 803 2083 Titani,
827 2034 1036 2090 potentia,
1060 2032 1166 2076 nulli

97 2104 231 2146 quam
254 2089 360 2133 mihi
383 2089 616 2147 cognidus,
639 2090 714 2145 qui
737 2105 833 2132 sum
857 2099 1045 2133 mutatus
1071 2091 1126 2133 ab
1150 2091 1244 2133 illis.
1509 2105 1552 2138 15

23 2167 39 2201 ..ς
99 2161 209 2191 neve
232 2147 319 2190 mei
340 2161 428 2190 non
450 2154 553 2190 ncta
574 2147 651 2189 tibi
676 2147 730 2189 sit
753 2161 883 2189 causa
907 2147 1081 2190 furoris:
1413 2159 1576 2205 (Scylla.)

25 2230 32 2249 z
100 2203 224 2248 litore
246 2203 292 2247 in
315 2203 481 2255 Italico,
505 2203 720 2247 Messenia
746 2204 914 2246 moenia
938 2213 1097 2255 contra,

100 2260 249 2317 Scylla
271 2260 376 2303 mihi
398 2260 492 2303 visa
514 2270 592 2304 est.
651 2260 790 2317 pudor
813 2269 896 2311 est,
921 2262 1129 2317 promissa
1152 2276 1386 2318 precesque

21 2323 42 2371 fi
108 2317 422 2374 blanditiasque
434 2332 552 2360 mea-s
566 2325 894 2373 contemptaque
918 2318 1050 2360 verba
1073 2318 1244 2361 referre.

13 2376 42 2422 25ss
99 2381 148 2418 at
169 2382 238 2426 tu,
260 2375 351 2418 sive
375 2375 536 2430 aliquid
559 2375 681 2431 regni
705 2383 769 2417 est
791 2374 836 2416 in
861 2375 1067 2425 carmine,
1092 2389 1264 2419 carmen
1508 2390 1554 2422 20

12 2427 49 2483 ‹''j
98 2446 176 2476 ore
198 2446 324 2489 move
348 2446 489 2483 sacr03
515 2431 603 2474 sive
629 2431 919 2488 expugnacior
941 2432 1076 2474 herba
1098 2441 1176 2483 est,

22 2499 27 2505 ’
99 2495 220 2532 utere
244 2488 460 2545 temptatis
484 2503 689 2545 operosae
712 2488 874 2530 viribus
898 2488 1068 2531 herbae.

14 2690 43 2705 ,-
99 2665 147 2702 at

99 2559 182 2590 nec
203 2545 402 2589 medeare
426 2545 530 2588 mihi
554 2560 764 2600 sanesque
788 2545 894 2588 haec
919 2546 1096 2588 vulnera
1120 2546 1291 2597 mando,

50 2633 52 2636 >
99 2602 186 2646 fine
215 2617 271 2646 ue
293 2602 355 2644 nil
378 2617 486 2658 opus
510 2610 594 2653 est,
617 2610 782 2658 part-em
806 2601 915 2647 ferat
938 2603 1011 2645 illa
1034 2602 1212 2645 caloris:

169 2616 298 2714 &ires
320 2658 479 2714 (neque
504 2658 616 2702 enim
639 2658 820 2701 flammis
845 2658 975 2702 habet
997 2659 1139 2716 aptius
1162 2659 1251 2703 ulla
1505 2673 1552 2706 25

100 2715 258 2759 talibus
279 2715 520 2772 ingenium,
546 2731 622 2758 seu
647 2730 776 2758 causa
799 2723 863 2758 est
887 2715 1013 2758 huius
1037 2716 1081 2758 in
1105 2715 1211 2772 ipsa,

15 2799 27 2819 z
44 2812 51 2826 ,
100 2786 179 2816 seu
202 2773 352 2818 Venus
376 2772 532 2816 indicio
556 2772 657 2816 facit
681 2772 762 2816 hoc
786 2772 949 2816 offensa
973 2775 1170 2831 paterno)
