1786 3242
271 305 766 343 METAMORPHOSEON
789 305 888 342 LIB.
913 305 983 341 ΧΙ.
1009 305 1202 342 580—667.
1345 294 1429 338 195

159 387 310 441 animi,
334 401 463 444 quem
487 402 590 431 cura
613 387 745 445 fugit,
770 387 843 443 qui
868 401 1046 444 corpora
1069 386 1186 429 duris

186 443 429 489 ministeriis
452 445 614 488 mulces
638 458 894 502 reparasque
917 443 1071 487 labori!
1453 455 1520 488 625

53 501 250 554 Somnia,
303 516 386 545 uae
409 516 532 544 veras
556 508 740 557 aequent
762 500 996 544 imitamine
1019 500 1192 550 formas,

17 566 19 571 “
50 559 267 604 Herculea
329 558 501 602 rachine
523 558 624 602 iube
647 558 728 600 sub
750 557 936 614 imagine
959 557 1072 614 regis

18 656 22 661 ,,
52 616 279 673 Alcyonen
303 614 460 659 adeant
483 614 792 669 simulacraque
816 614 1027 671 naufraga
1050 614 1227 671 fingant.

18 679 25 712 ἶ·
51 672 233 731 imperat
255 671 336 716 hoc
359 671 498 715 Iuno.’
557 678 783 728 postquam
807 671 1008 713 mandata
1030 671 1210 727 peregit,

50 729 134 775 Iris
156 728 266 773 abit:
289 743 430 785 neque
454 728 566 772 enim
590 727 767 771 ulterius
790 727 970 770 tolerare
994 727 1164 784 vaporis
1454 741 1523 774 630

22 813 26 823 2
51 786 141 831 vim
160 793 347 854 poterat,
370 784 543 841 labique
566 792 615 828 ut
638 799 833 827 somnum
858 784 987 827 sensit
1009 784 1054 826 in
1078 790 1209 834 artus,

50 842 204 900 effugit
226 849 270 887 et
291 848 454 886 remeat
475 856 553 899 per
576 855 684 896 quos
705 840 834 883 modo
858 848 1031 884 venerat
1055 855 1193 884 arcus.

22 910 32 954 ζ’
107 900 172 943 At
193 905 316 957 pater
338 913 363 942 e
386 898 545 956 populo
568 905 765 940 natorum
789 897 904 946 mille
929 911 1102 940 suorum

52 955 210 1002 excitat
233 955 438 999 artificem
461 955 834 1010 simulatoremque
858 954 1022 1011 figurae

26 1019 30 1022 ’
52 1012 278 1080 Morphea.
336 1026 423 1055 non
446 1011 519 1055 illo
543 1011 768 1067 quisquam
793 1011 1002 1054 sollertius
1027 1011 1133 1054 alter
1456 1024 1522 1056 635

24 1114 25 1118 ,
53 1069 250 1137 exprimit
271 1069 464 1112 incessus
487 1069 736 1123 vultumque
761 1082 998 1123 sonumque
1021 1067 1252 1123 loquendi,

52 1125 182 1170 adicit
205 1133 249 1170 et
270 1132 411 1170 vestes
435 1132 478 1169 et
501 1124 823 1168 consuetissima
846 1125 1000 1180 cuique

26 1227 27 1230 ,
51 1183 197 1228 verba.
255 1182 331 1226 sed
355 1181 426 1226 hic
449 1182 560 1225 solos
584 1181 776 1225 homines
799 1181 1007 1224 imitatur:
1033 1189 1077 1224 at
1100 1182 1206 1225 alter

50 1239 102 1284 fit
122 1239 233 1291 fera,
255 1239 306 1283 fit
327 1239 532 1290 volucris,
555 1239 603 1281 fit
625 1239 755 1295 longo
780 1253 955 1295 corpore
979 1253 1165 1295 serpens.

0 1326 26 1361 ,ᾗ
51 1296 168 1341 hunc
189 1296 336 1341 Icelon
359 1296 522 1354 superi,
546 1297 724 1339 mortale
746 1295 994 1339 Phobetora
1017 1295 1172 1352 vulgus
1457 1309 1524 1343 640

51 1353 255 1398 nominat.
314 1360 380 1397 est
402 1353 530 1397 etiam
555 1353 747 1396 diversae
771 1352 920 1395 tertius
944 1352 1044 1395 artis

3 1414 26 1467 ’,ῗ
51 1410 313 1454 Pliantasos:
337 1410 408 1454 ille
430 1410 476 1453 in
498 1410 679 1452 humum
704 1424 939 1465 saxumque
963 1409 1208 1464 undamque
1232 1409 1498 1466 trabemque,

53 1481 248 1524 quaeque
272 1474 428 1510 vacant
451 1467 613 1518 anima,
637 1466 846 1509 fallaciter
869 1466 1012 1508 omnia
1035 1467 1198 1508 transit.

0 1510 28 1573 5
51 1524 226 1582 regibus
249 1523 295 1567 hi
318 1523 585 1579 ducibusque
609 1538 709 1566 suos
734 1523 956 1566 ostendere
980 1524 1122 1566 vultus

0 1580 178 1846 {nocte
202 1581 360 1632 solent,
382 1581 564 1638 populos
589 1580 659 1622 alii
683 1580 937 1636 plebemque
960 1587 1190 1636 pererrant.
1458 1594 1524 1626 645

83 1636 256 1682 raeterit
277 1637 357 1681 hos
381 1637 522 1681 senior
546 1637 794 1693 cunctisque
819 1652 842 1679 e
866 1637 1067 1679 fratribus
1091 1652 1224 1680 unum

106 1694 285 1752 orphea,
309 1693 384 1751 qui
406 1702 585 1751 peragat
607 1693 947 1736 Thaumantidos
972 1694 1104 1744 edita,
1132 1693 1318 1738 Somnus

52 1751 186 1809 eligit.
246 1758 290 1795 et
312 1766 460 1794 rursus
484 1751 602 1793 molli
625 1751 832 1807 languore
857 1751 1019 1793 solutus

0 1830 7 1861 ᾗ
30 1811 39 1860 Γ
54 1808 334 1866 deposuitque
359 1814 490 1865 caput
513 1814 728 1863 stratoque
751 1807 988 1850 recondidit
1012 1808 1110 1850 alto.

52 1865 125 1909 ille
147 1865 264 1908 volat
285 1865 426 1908 nullos
450 1864 650 1921 strepitus
673 1864 929 1907 facientibus
953 1864 1031 1907 alis
1460 1880 1526 1912 650

27 1956 38 1973 .,
52 1937 131 1980 per
153 1921 369 1973 tenebras,
392 1921 587 1977 intraque
611 1935 755 1964 morae
779 1921 908 1964 breve
933 1929 1100 1978 tempus
1125 1921 1169 1964 in
1194 1922 1346 1966 urbem

16 1982 37 2035 ‘t
53 1979 248 2048 pervenit
270 1978 557 2022 Haemoniam
581 1978 815 2036 positisque
839 1993 862 2021 e
887 1992 1063 2035 corpore
1087 1979 1239 2035 pennis

53 2044 100 2080 m
121 2035 278 2080 faciem
302 2033 458 2092 Ceycis
483 2035 590 2086 abit;
615 2042 869 2092 sumptaque
892 2035 1032 2092 figura

20 2101 32 2142 ξ
53 2092 238 2144 luridus,
262 2092 448 2136 exanimi
472 2091 640 2143 similis,
665 2092 755 2135 sine
779 2092 968 2135 vestibus
992 2092 1089 2135 ullis

19 2163 33 2205 13
54 2149 248 2207 coniugis
272 2157 370 2193 ante
394 2157 534 2192 torum
556 2149 737 2192 miserae
763 2149 890 2192 stetit.
950 2150 1036 2192 uda
1059 2150 1228 2193 videtur
1273 2196 1277 2203 ‚
1460 2165 1525 2196 655

55 2205 191 2250 barba
213 2206 313 2258 viri,
336 2205 602 2262 madidisque
626 2206 771 2263 gravis
794 2206 925 2250 fluere
949 2206 1065 2249 unda
1089 2207 1265 2263 capillis.
1540 2218 1543 2221 '

15 2263 37 2314 ξ
54 2271 147 2308 tum
169 2263 279 2307 lecto
301 2263 572 2314 incumbens,
595 2263 698 2306 fietu
723 2278 850 2320 super
874 2278 947 2305 ora
970 2263 1159 2320 profuso,

16 2323 38 2374 ῗζῗ
54 2319 163 2364 haec
185 2320 263 2364 ait:
288 2319 504 2378 ‘agnoscis
530 2319 694 2376 Ceyca,
720 2320 954 2363 miserrima
978 2320 1188 2363 coniunx?

9 2433 12 2436 ψ
30 2409 37 2412 »
54 2392 112 2421 an
133 2392 232 2421 mea
253 2384 418 2420 mutata
440 2384 505 2420 est
527 2377 659 2420 facies
682 2377 812 2420 nece?
834 2376 1017 2433 respice!
1043 2392 1193 2421 nosces

0 2439 19 2491 ἦ
45 2432 330 2490 :inveniesque
354 2442 429 2477 tuo
452 2448 530 2491 pro
554 2434 736 2490 coniuge
761 2434 954 2491 coniugis
978 2434 1188 2477 umbram.
1460 2448 1528 2480 660

87 2489 99 2542 f
139 2505 166 2534 o
195 2491 251 2542 is,
275 2491 490 2547 Alcyone,
514 2491 637 2534 nobis
661 2498 736 2533 tua
759 2498 859 2533 vota
882 2491 1088 2542 tulerunt3

16 2575 17 2578 =
55 2547 149 2592 occi
179 2547 309 2590 ’musz
333 2547 442 2590 falso
465 2547 543 2590 tibi
565 2563 635 2591 me
658 2547 902 2604 promittere
926 2547 1026 2590 noli.

50 2603 228 2651 ,nubilus
252 2605 432 2662 Aegaeo
456 2604 678 2661 deprendit
701 2604 746 2647 in
770 2618 955 2660 aequore
977 2620 1132 2648 navem

50 2667 201 2706 'auster
223 2669 265 2705 et
287 2660 452 2718 ingenti
474 2661 673 2704 iactatam
697 2661 867 2704 flamine
893 2661 1036 2704 solvit:

14 2722 20 2733 '
50 2732 87 2762 ·ο
161 2733 216 2762 ue
239 2725 404 2768 nostra,
429 2725 550 2761 tuum
574 2717 732 2760 frustra
757 2718 983 2761 clamantia
1007 2733 1176 2770 nomen,
1460 2733 1525 2766 665

159 2782 285 2821 erunt
305 2774 473 2818 fluctus.
531 2789 617 2818 non
641 2775 747 2818 haec
770 2775 847 2817 tibi
871 2776 1039 2818 nuntiat
1063 2783 1211 2820 auctor

157 2831 171 2843 ⁰
231 2846 303 2884 us,
323 2846 412 2876 non
435 2831 517 2876 ista
541 2831 662 2889 vagis
687 2832 927 2876 rumoribus
953 2833 1093 2876 audis:

20 2024 26 2043 ἐ

1137 2900 1204 2936 13·
