1786 3242
12 794 15 799 ’
31 811 34 814 ’
47 821 53 836 2
68 805 150 836 neo
170 792 319 849 procul
343 792 542 835 afuerunt
564 800 606 836 te

67 847 158 900 hio,
181 863 236 892 ne
260 848 479 900 deficeret,
502 857 697 893 metuens
722 850 958 906 avidusque
983 848 1155 894 videndi

8 925 33 939 2
50 906 53 907 ⁷
67 904 188 950 flexit
211 920 359 948 amans
382 905 547 949 oculos:
572 914 615 950 et
637 907 830 963 protinus
853 907 926 950 illa
948 908 1117 964 relapsa
1141 915 1218 951 est.

7 1009 10 1012 Α
29 958 36 1019 J
54 961 352 1018 bracchiaque
373 962 596 1006 intendens
620 963 856 1020 prendique
881 971 924 1007 et
946 965 1153 1021 prendere
1178 972 1354 1022 captans

18 1033 50 1073 3
66 1018 130 1063 nil
150 1018 234 1062 nisi
257 1019 456 1063 cedentes
478 1019 627 1063 infelix
651 1020 798 1077 arripit
822 1036 960 1064 auras.

15 1075 50 1134 ,ξ
67 1075 240 1132 iamque
261 1075 415 1120 iterum
438 1076 623 1120 moriens
646 1092 732 1120 non
757 1085 821 1121 est
845 1078 898 1121 de
922 1078 1103 1135 coniuge
1127 1079 1358 1135 quicquam

169 677 257 721 itur
278 679 451 722 acclivis
474 694 551 736 per
572 687 693 723 muta
716 681 881 724 silentia
905 688 1062 725 trames

146 749 248 787 uus,
272 735 497 787 obscurus,
522 737 704 835 calip-me
728 737 886 780 densus
910 752 1058 794 opaca.

623 793 726 837 luris
750 794 943 850 margine
967 809 1173 838 summae.

15 1146 46 1199 ζ,
66 1139 218 1189 questa
241 1147 339 1176 suo:
364 1133 469 1189 quid
492 1134 606 1177 enim
628 1134 710 1178 nisi
734 1149 780 1178 se
805 1143 1054 1190 quereretur
1076 1137 1289 1179 amatam?

67 1203 399 1246 supremumque
422 1190 537 1241 vale,
562 1191 678 1246 quod
701 1191 787 1234 iam
811 1192 885 1234 vix
910 1192 1084 1235 auribus
1108 1193 1179 1236 ille

20 1278 34 1307 g}

66 1244 297 1303 acciperet,
321 1246 428 1290 dixit
449 1247 728 1304 revolutaque
751 1264 898 1291 rursus
923 1249 1074 1292 eodem
1098 1257 1174 1293 est.

6 1326 26 1330 -ν
65 1316 153 1346 11011
175 1303 298 1347 aliter
320 1303 483 1371 stupuit
504 1305 677 1361 gemina
699 1320 806 1349 nece
830 1306 1023 1362 coniugis
1049 1304 1266 1363 Orpheus,

18 1363 43 1409 »ἐξ

19 1612 35 1645 ἢ

66 1373 196 1416 quam
218 1359 300 1403 tria
323 1374 398 1416 qu1
420 1361 614 1412 timidus,
638 1363 779 1405 medio
803 1371 999 1419 portante
1024 1370 1208 1414 catenas,

66 1415 177 1460 colla
199 1416 316 1460 canis
340 1417 460 1460 vidit.
490 1424 494 1429 '
520 1432 648 1474 quem
672 1434 758 1462 non
781 1434 916 1476 pavor
939 1427 1037 1463 ante
1060 1420 1243 1476 reliquit,

65 1486 195 1529 quam
217 1481 372 1517 natura
392 1474 521 1532 prior,
546 1490 650 1518 saxo
674 1491 751 1532 per
775 1491 929 1533 corpus
954 1477 1123 1520 oborto:

95 1529 226 1585 uique
247 1530 293 1573 in
317 1545 364 1574 se
387 1531 548 1575 crimen
570 1533 700 1575 traxit
723 1533 942 1588 voluitque
966 1534 1101 1578 videri

65 1542 231 1630 glenus
255 1602 348 1631 esse
371 1602 549 1631 nocens:
573 1596 705 1645 tuque
729 1604 755 1632 o
780 1590 940 1633 confisa
962 1591 1141 1648 figurae,

3 1642 36 1703 {f
63 1641 215 1687 infelix
238 1643 453 1696 Lethaea,
477 1652 596 1697 tuae,
620 1646 885 1705 iunctissima
908 1648 1123 1704 quondam

4 1706 46 1775 ἓ
63 1706 257 1768 pectora,
281 1715 396 1744 nunc
418 1701 601 1769 lapides,
626 1717 734 1758 quos
758 1704 904 1770 umida
927 1705 1108 1747 sustinet
1130 1705 1220 1747 Ide.

18 1770 37 1813 -1,
65 1764 258 1800 orantem
280 1757 523 1814 frustraque
545 1766 700 1802 lterum
724 1767 903 1804 transire
927 1762 1142 1804 volentem

17 1813 33 1829 K*

22 1843 35 1861 §¹2

21 1866 37 1882 'fx

62 1813 245 1871 portitor
267 1822 473 1858 arcuerat.
533 1823 697 1883 septem
720 1824 864 1860 tamen
888 1817 958 1861 ille
983 1818 1135 1861 diebus

65 1869 286 1926 squalidus
309 1870 355 1914 in
377 1871 470 1929 ripa
494 1870 664 1916 Cereus
689 1873 779 1917 sine
803 1889 979 1918 munere
1003 1875 1131 1918 sedit:

31 1975 33 1977 ¹
65 1940 169 1970 cura
191 1927 289 1970 dolo
341 1943 396 1972 ue
419 1929 550 1972 animi
573 1930 859 1986 lacrimaeque
884 1931 1084 1975 alimenta
1107 1932 1240 1976 fuere.

65 1997 159 2030 esse
182 1983 284 2027 deos
349 1985 441 2028 rebi
465 1986 658 2030 crudeles
681 1996 876 2043 questus,
900 1988 945 2031 in
969 1989 1099 2031 altam

65 2054 112 2084 se
133 2041 283 2098 recipit
306 2041 545 2099 Rhodopen
569 2045 826 2100 pulsumque
851 2046 1121 2101 aquilonibus
1145 2047 1377 2090 Haemum.

64 2096 213 2141 tertius
236 2099 458 2154 aequoreis
481 2100 693 2143 inclusum
716 2101 916 2144 Piscibus
940 2118 1100 2145 annum

63 2153 230 2198 finierat
252 2154 400 2207 Titan,
424 2171 679 2213 omnemque
702 2158 920 2215 refugerat
945 2158 1147 2216 Orpheus

25 2231 27 2234 ⁴
64 2210 294 2255 femineam
317 2212 551 2265 Venerem,
577 2229 653 2257 seu
677 2215 794 2270 quod
817 2216 927 2259 male
953 2224 1136 2260 cesserat
1159 2217 1234 2268 illi,

65 2267 156 2312 sive
178 2267 308 2312 fidem
331 2268 518 2314 dederat.
559 2271 732 2314 ·multas
757 2279 901 2315 tamen
925 2273 1051 2315 ardor
1074 2273 1262 2317 habebat

62 2323 241 2382 iungere
265 2340 311 2370 se
334 2326 442 2369 vati:
465 2327 625 2371 multae
650 2328 823 2372 doluere
846 2330 1055 2386 repulsae.

18 2392 21 2398 ‘
62 2379 135 2425 ille
157 2381 286 2425 etiam
309 2382 526 2427 Thracum
549 2385 719 2442 populis
743 2385 825 2428 fuit
849 2393 1010 2437 auctor,
1035 2401 1224 2431 amorem

62 2437 109 2481 in
131 2444 299 2491 teneros
322 2440 550 2484 transferre
574 2456 733 2493 mares,
758 2442 947 2498 citraque
971 2443 1190 2487 iuventam

15 2498 29 2501 ⁰
63 2495 213 2539 aetatis
235 2495 367 2540 breve
390 2512 465 2541 ver
488 2505 531 2541 et
554 2498 713 2554 primos
739 2514 911 2556 carpere
934 2500 1073 2544 fiores.

121 2549 255 2596 Collis
279 2559 388 2604 erat,
412 2554 648 2610 collemque
672 2570 800 2612 super
822 2556 1070 2613 planissima
1093 2558 1233 2615 campi

63 2621 164 2652 area
170 2625 184 2660 3
208 2622 339 2665 quam
362 2610 542 2654 viridem
566 2612 780 2655 faciebant
803 2613 1008 2670 graminis
1032 2614 1204 2665 herbae,

17 2679 45 2714 ἰ».
62 2664 216 2709 umbra
238 2665 334 2711 loco
357 2667 516 2711 deerat.
576 2682 663 2724 qua
685 2677 912 2736 postquam
935 2678 1056 2728 parte
1080 2672 1237 2715 resedit

4 3131 25 3176 “³¹32
4 3074 17 3088 '⁴'

17 2731 31 2756 ὁ
63 2720 128 2765 dis
151 2723 321 2780 genitus
344 2731 463 2768 vates
487 2732 530 2769 et
552 2725 625 2768 fila
649 2734 841 2770 sonant1a
863 2728 1008 2778 movit,

30 2818 32 2821 ,
62 2778 215 2824 umbra
236 2780 332 2824 loco
354 2781 484 2825 venit.
543 2797 629 2825 non
654 2781 844 2827 Chaonis
869 2784 976 2827 afuit
1000 2785 1140 2837 arbor,

337 256 832 298 METAMORPHOSEON
854 260 953 296 LIB.
978 260 1027 297 X.
1054 261 1180 298 3-90.
1365 251 1449 296 165

46 336 251 386 ,uu-tinet
273 339 428 390 oranti,
452 354 533 384 nec
556 340 631 396 qui
653 341 764 398 regit
787 341 892 393 ima,
916 356 1094 385 nectare:

40 393 402 453 ‘Eurydicenque
424 405 592 439 vocant.
651 398 826 440 umbras
851 406 942 441 erat
963 378 1037 441 isla
1060 405 1251 443 recentes

19 498 22 499 γ
55 452 192 508 inter,
216 458 258 495 et
279 451 453 496 incessit
475 468 607 510 passu
631 454 684 497 de
708 455 884 498 vulnere
907 455 1042 498 tardo.

16 504 19 562 s
53 506 181 564 'shanc
203 507 330 552 simul
354 516 396 552 et
417 509 558 567 legem
582 510 859 567 Rhodopeius
883 512 1036 568 accipit
1058 512 1196 564 heros,

53 580 124 615 ,nc
145 565 289 609 flectat
310 572 424 609 retro
447 581 526 610 sua
549 567 731 618 lumina,
757 568 892 611 donec
915 569 1113 612 Avernas
1193 591 1219 598 -

12 619 24 653 3
70 620 219 667 exierit
241 621 393 672 valles:
418 630 492 666 aut
514 623 634 666 irrita
658 624 772 667 dona
794 624 952 667 futura.

1471 526 1517 559 50

1473 810 1518 843 55

1474 1094 1519 1127 60

1471 1378 1515 1412 05

1472 1662 1516 1695 70

1472 1947 1514 1980 75

1467 2517 1511 2551 85

1466 2803 1510 2837 90
