1774 3256
90 1015 277 1066 augusta
298 1023 378 1108 {ra

89 1064 283 1110 inscribit
324 1066 436 1109 acies
443 1081 456 1116 3
479 1066 596 1109 Iovis
620 1075 683 1110 est
707 1068 863 1124 regalis
886 1068 1043 1124 imago.

11 1287 38 1340 ,ξ

12 1394 18 1403 Δ
32 1391 37 1395 ⁴

8 1168 26 1222 ’,
88 1193 244 1246 aspera
266 1194 371 1225 saxa
393 1179 516 1230 facit,
540 1196 608 1223 me
640 1181 764 1237 ioque
788 1196 812 1224 e
837 1182 1011 1225 vulnere
1036 1182 1128 1225 saxi

9 1253 41 1286 at

333 245 828 286 METAMORPHOSEON
850 249 948 286 LIB.
974 250 1041 288 VI.
1068 250 1237 287 17—104.

10 364 13 379 ,-
99 327 187 373 mic
207 333 252 372 et
273 326 452 384 Tyrium
478 343 588 385 quae
610 345 800 387 purpura
822 331 952 374 sensit
974 335 1129 375 ae'num

15 377 67 437 f,
99 383 270 435 texitur,
293 391 336 428 et
358 392 508 431 tenues
532 387 653 443 parvi
677 387 927 430 discriminis
951 389 1147 432 umbrae:

8 450 48 477 ’ῑθ
99 441 237 498 qualis
259 441 316 484 ab
337 441 474 486 imbre
498 443 604 486 solet
626 444 838 500 percussis
861 445 1020 487 solibus
1044 460 1167 488 arcus

97 497 268 542 influere
290 497 453 555 ingenti
476 499 652 556 longum
677 502 920 544 curvamine
945 502 1123 553 caelum,

10 555 11 558 ’
39 560 47 612 ζ,
94 553 143 599 in
164 568 251 611 quo
273 554 431 598 diversi
452 556 614 600 niteant
637 571 735 599 cum
758 558 872 600 mille
895 559 1070 609 colores,

15 618 18 619 ’
38 636 45 638 -
94 611 298 655 transitus
321 611 413 668 ipse
436 620 578 656 tamen
603 615 836 669 spectantia
858 614 1020 657 lumina
1043 615 1171 658 fallit:

83 671 233 724 'usque
256 668 364 712 adeo
387 669 504 724 quod
527 670 664 726 tangit
687 670 800 713 idem
825 679 907 721 est3
932 679 1074 714 tamen
1100 673 1248 716 ultima
1273 673 1444 717 distant.

2 762 4 767 .
43 727 59 774 'J
94 723 182 768 illic
203 731 248 768 et
268 725 432 768 lentum
454 725 536 768 filis
559 726 800 769 immittitur
824 743 989 778 aurum,

19 797 23 802 ‘¹
51 805 54 811 1
93 787 140 826 et
161 787 284 825 vetus
307 781 353 824 in
376 781 462 825 tela
485 781 709 826 deducitur
731 791 1044 839 argumentum.

92 835 306 896 Cecropia
327 837 473 882 Pallas
497 853 568 882 sco
599 840 718 882 ulum
742 840 952 883 Mavortis
976 841 1021 883 in
1045 856 1142 885 arce

0 896 38 959 ,315
90 893 232 995 piggit
254 902 297 938 et
319 895 538 951 antiquam
591 911 615 939 e
639 904 775 940 terrae
798 897 970 940 nomine
993 898 1124 940 litem.

185 966 261 995 sex
284 952 487 996 caelestes
510 953 652 996 medio
675 953 779 997 Iove
803 954 975 997 sedibus
1000 955 1095 997 altis

378 1009 509 1053 vitate
533 1009 681 1053 sedent
688 1027 700 1061 ;
725 1025 803 1053 sua
826 1025 1039 1066 quemque
1064 1011 1241 1055 deorum

88 1129 204 1166 stare
227 1121 355 1166 deum
378 1123 520 1180 pelagi
542 1124 613 1166 lon
647 1139 757 1180 oque
780 1124 906 1168 ferire
931 1125 1111 1168 tridente

86 1235 290 1280 enlmsse
312 1236 489 1288 fretum,
513 1252 599 1293 quo
623 1238 801 1294 pignore
825 1239 1012 1282 vindicet
1036 1240 1199 1282 urbem.

85 1299 135 1336 at
157 1292 239 1336 sibi
261 1293 335 1336 dat
358 1293 561 1350 clipeum,
586 1294 660 1338 dat
683 1304 832 1338 acutae
856 1296 1043 1352 cuspidis
1067 1296 1247 1347 hastam,

10 1338 42 1403 ξ
85 1349 165 1392 dat
185 1349 356 1406 galeam
377 1351 526 1408 capiti3
550 1351 793 1395 defenditur
817 1353 966 1408 aegide
990 1361 1158 1409 pectus:

86 1419 417 1463 percussamque
441 1423 520 1451 sua
542 1408 714 1451 simulat
737 1410 789 1452 de
815 1410 988 1465 cuspide
1012 1418 1168 1453 terram

83 1462 215 1507 edere
238 1477 337 1507 cum
359 1463 478 1508 bacis
502 1465 638 1508 fetum
662 1466 850 1509 canentis
875 1466 1032 1517 olivae3

86 1519 317 1576 mirarique
341 1520 456 1565 deos.
516 1522 633 1578 operi
655 1522 834 1565 victoria
855 1524 964 1566 finis.

12 1580 29 1633 2}
83 1583 137 1620 ut
158 1584 302 1620 tamen
325 1578 530 1635 exemplis
552 1579 771 1636 intellegat
795 1580 963 1623 aemula
985 1580 1136 1630 laudis,

12 1800 22 1811 vv

11 1821 27 1854 ΐῑῑ

9 1860 26 1878 ’ῑύ

8 1881 20 1896 ’γ

82 1633 203 1689 quod
225 1634 410 1691 pretium
432 1643 574 1692 speret
595 1650 672 1692 pro
697 1644 786 1679 tam
809 1636 1033 1680 furialibus
1058 1637 1187 1688 ausis,

116 1697 289 1734 uattuor
309 1691 354 1734 in
376 1699 518 1748 partes
541 1693 772 1736 certamina
795 1701 997 1748 quattuor
1019 1694 1137 1736 addit

82 1704 202 1790 {lara
224 1747 364 1792 colore
389 1763 481 1800 suo,
504 1749 706 1793 brevibus
731 1750 930 1793 distincta
953 1751 1115 1807 sigillis.

83 1803 327 1847 Threiciam
352 1805 591 1863 Rhodopen
614 1806 744 1850 habet
767 1808 950 1864 angulus
974 1822 1084 1850 unus
1109 1815 1151 1850 et
1175 1808 1388 1859 Haemon,

7 1901 27 1911 ,⁷
70 1875 201 1928 -nunc
223 1861 388 1919 gelidos
410 1870 597 1914 montes,
622 1864 815 1906 mortalia
838 1879 1015 1920 corpora
1038 1865 1268 1919 quondam,

1 1927 19 1977 14
81 1931 260 1961 nomina
283 1933 547 1965 summorum
570 1920 652 1963 sibi
675 1921 750 1976 qui
773 1921 959 1965 tribuere
984 1922 1174 1964 deorum.

4 1980 17 2026 J
80 1974 219 2018 altera
240 1974 491 2032 Pygmaeae
514 1976 651 2020 fatum
673 1977 914 2021 miserabile
938 1978 1084 2020 matris

84 2045 184 2089 pars
207 2031 350 2076 habet.
408 2033 520 2076 hanc
541 2035 652 2078 luno
677 2035 834 2078 victam
858 2036 1086 2078 certamine
1109 2035 1232 2078 iussit

81 2102 180 2136 esse
201 2103 353 2146 gruem
375 2090 630 2148 populisque
654 2092 741 2135 suis
765 2092 950 2135 indicere
976 2092 1148 2135 bellum.

83 2144 220 2202 pinxit
244 2154 288 2190 et
309 2147 558 2204 Antigonen
581 2164 729 2191 ausam
753 2149 1008 2191 contendere
1033 2148 1249 2204 quondam

80 2215 183 2245 cum
206 2203 353 2260 magni
375 2212 569 2248 consorte
591 2205 727 2256 Iovis3
753 2220 882 2261 quam
906 2206 1024 2261 regia
1047 2206 1157 2248 Iuno

81 2257 130 2302 in
153 2259 370 2304 volucrem
394 2261 532 2304 vertit.
589 2277 670 2305 nec
693 2263 854 2319 profuit
876 2263 986 2304 Ilion
1010 2262 1071 2304 illi

84 2313 391 2361 Laomedonve
415 2326 549 2374 pater,
574 2320 753 2376 sumptis
778 2319 880 2374 quin
906 2319 1087 2362 candida
1110 2319 1261 2376 pennis

79 2371 177 2430 ipsa
200 2372 281 2416 sibi
303 2374 482 2431 plaudat
505 2376 738 2431 crepitante
763 2376 926 2419 ciconia
949 2384 1097 2418 rostro.

83 2429 160 2484 qui
183 2438 378 2487 superest
400 2432 514 2475 solus
540 2430 732 2489 Cinyran
755 2433 884 2476 habet
908 2433 1091 2488 angulus
1115 2433 1287 2476 orbum:

79 2485 204 2542 isque
227 2487 388 2544 gradus
411 2488 577 2545 templi,
601 2497 798 2532 natarum
821 2489 1013 2532 membra
1037 2505 1225 2541 suarum,

81 2543 343 2600 amplectens
367 2559 558 2600 saxoque
581 2545 724 2589 iacens
748 2546 968 2589 lacrimare
993 2546 1172 2589 videtur.

0 2604 12 2653 [g
80 2599 233 2644 circuit
257 2608 468 2644 extremas
492 2602 595 2644 oleis
619 2603 838 2658 pacalibus
863 2617 973 2645 oras.

0 2678 21 2768 Ξ·

0 2934 17 3057 g}

0 3065 23 3256 ᾗ
62 3181 66 3184 ,

0 2654 17 2691 Ξ
80 2655 119 2700 is
142 2656 295 2700 modus
319 2666 403 2708 est,
428 2659 653 2715 operisque
677 2675 756 2702 sua
779 2659 882 2702 facit
907 2659 1057 2702 arbore
1081 2659 1223 2703 finem.

137 2712 337 2758 Maeonis
360 2715 525 2758 elusam
549 2715 744 2772 designat
767 2716 951 2773 imagine
976 2717 1086 2759 tauri

80 2767 315 2828 Europam.
374 2787 524 2816 verum
553 2780 738 2824 taurum,
762 2773 871 2817 freta
894 2788 996 2818 vera
1019 2783 1206 2830 putares.

1415 244 1470 288 91

1494 575 1539 607 65

1494 859 1539 891 70

1492 1141 1535 1174 75

1489 1425 1536 1458 80

1486 1709 1531 1743 85

1489 1993 1534 2026 90

1487 2277 1531 2311 95

1486 2561 1556 2599 100
