1786 3242
357 278 440 322 152
800 288 844 323 Ρ.
872 287 1035 325 OVIDII
1060 287 1277 326 NASONIS

264 382 329 415 275
355 368 578 411 exercebat
602 376 734 410 atrox.
794 375 838 411 at
861 368 998 424 longis
1023 369 1148 411 anxia
1171 369 1282 412 curis

353 425 527 480 Argolis
550 425 779 474 Alcmene,
804 433 977 479 questus
1001 425 1075 466 ubi
1129 433 1227 467 onat
1249 426 1395 478 aniles,

355 481 423 523 cui
420 458 600 523 ‘’referat
623 481 710 522 nati
735 488 906 523 testatos
932 481 1032 523 orbe
1056 481 1097 523 la
1129 495 1221 524 ores

354 537 476 578 cuive
500 550 598 578 suos
622 551 764 587 casus,
788 537 908 578 Iolen
932 537 1071 580 habet.
1129 537 1327 580 Herculis
1351 539 1466 582 illam

352 592 537 658 imperiis
562 593 830 648 thalamoque
855 593 1078 648 animoque
1102 601 1317 649 receperat
1340 595 1511 650 Hyllus,

264 661 329 693 280
353 648 630 714 impleratque
654 656 820 692 uterum
844 663 1048 705 generoso
1073 650 1243 693 semine.
1303 665 1400 693 cum
1423 652 1484 694 sic

352 705 502 770 incipit
523 706 748 748 Alcmene:
774 706 964 748 ‘faveant
986 706 1063 747 tibi
1086 706 1259 749 numina
1282 707 1429 749 saltem

354 761 663 817 corripiantque
686 776 846 812 moras,
872 769 961 804 tum
987 777 1083 804 cum
1106 770 1271 804 matura
1295 763 1467 806 vocabis

353 818 636 873 praepositam
661 818 816 860 timidis
841 818 1099 884 parientibus
1124 818 1352 874 Ilithyiam.

353 888 481 928 quam
504 874 607 916 mihi
633 875 846 917 difficilem
869 874 1044 917 Iunonis
1068 875 1205 931 gratia
1227 875 1340 918 fecit.

264 942 328 974 285
353 944 537 985 namque
561 931 775 973 laboriferi
799 946 896 973 cum
919 931 1003 973 iam
1027 932 1178 973 natalis
1202 932 1367 974 adesset

352 987 549 1029 Herculis
575 994 615 1029 et
639 987 848 1030 decimum
872 995 1132 1043 premeretur
1155 987 1290 1030 sidere
1314 988 1497 1039 sianum,

351 1043 551 1085 tendebat
573 1044 758 1099 gravitas
783 1052 950 1086 uteium
974 1044 1094 1094 mihi3
1121 1044 1318 1099 quodque
1341 1024 1543 1095 ferebam,

352 1105 516 1141 tantum
540 1108 647 1150 erat,
672 1108 719 1142 ut
742 1115 886 1156 posses
912 1108 1125 1166 auctorem
1150 1101 1287 1143 dicere
1311 1101 1410 1143 tecti

352 1155 548 1211 ponderis
573 1171 664 1198 esse
688 1157 847 1199 Iovem.
906 1171 985 1199 nec
1007 1157 1091 1198 iam
1115 1157 1293 1199 tolerare
1316 1157 1481 1200 labores

263 1223 329 1256 290
353 1212 527 1254 ulterius
550 1220 759 1267 poteiam3
785 1213 852 1255 cui
880 1227 993 1255 nuno
1017 1227 1185 1268 quoque
1209 1213 1389 1269 frigidus
1399 1221 1542 1280 artus,

353 1268 453 1309 dum
477 1268 640 1322 loquor,
664 1269 811 1310 horror
834 1269 974 1319 habet,
998 1284 1181 1324 parsque
1200 1249 1291 1312 estt>
1286 1270 1526 1313 meminisse
1545 1270 1714 1314 doloris.

353 1331 513 1379 septem
538 1339 618 1379 ego
642 1339 718 1380 per
740 1332 902 1374 noctes,
927 1325 1101 1367 totidem
1126 1326 1311 1368 cruciata
1334 1326 1498 1377 diebus,

351 1380 464 1422 fessa
487 1381 626 1430 malis,
652 1382 910 1435 tendensque
935 1382 988 1423 ad
1013 1382 1177 1424 caelum
1199 1382 1416 1433 bracchia,
1440 1397 1595 1440 magno

352 1436 562 1478 Lucinam
586 1413 805 1503 Nixosque
828 1453 950 1493 pares
975 1438 1157 1480 clamore
1181 1438 1399 1480 vocabam.

262 1504 326 1536 295
351 1493 422 1534 illa
446 1493 617 1547 quidem
642 1494 775 1544 venit,
800 1494 873 1536 sed
897 1496 1213 1560 praecorrupta,
1237 1508 1463 1550 meumque

351 1562 461 1603 quae
486 1550 641 1592 donare
666 1557 793 1605 caput
815 1550 969 1592 Iunoni
992 1550 1152 1592 vellet'
1140 1550 1322 1605 miquae.

350 1613 480 1660 utque
503 1621 620 1648 meos
645 1607 761 1648 audit
785 1607 986 1662 gemitus,
1012 1607 1200 1649 subsedit
1223 1608 1266 1649 in
1289 1607 1362 1650 illa

353 1669 450 1704 ante
474 1662 585 1705 fores
612 1678 700 1712 ara,
726 1663 957 1718 dextroque
982 1679 1005 1705 a
1029 1663 1187 1719 poplite
1210 1664 1379 1706 laevum

350 1733 495 1774 pressa
516 1733 650 1784 genu,
676 1719 816 1775 digitis
840 1719 948 1762 inter
973 1735 1016 1762 se
1040 1720 1205 1775 pectine
1228 1720 1393 1770 iunctis,

259 1786 326 1818 300
349 1775 546 1817 sustinuit
565 1783 726 1841 partus.
785 1776 911 1818 tacita
935 1790 1101 1830 quoque
1127 1777 1311 1818 carmina
1334 1790 1438 1819 voce

350 1831 474 1880 dixit,
499 1838 541 1873 et
563 1832 751 1887 inceptos
776 1839 1000 1874 tenuerunt
1024 1833 1208 1875 carmina
1231 1840 1390 1889 partus.

348 1888 471 1937 nitor,
491 1894 532 1929 et
555 1888 719 1943 ingrato
743 1888 852 1930 facio
877 1888 1066 1931 convicia
1090 1889 1261 1931 demens

349 1959 459 1985 vana
481 1944 574 1985 Iovi
598 1944 804 2000 cupioque
828 1945 951 1994 mori,
976 1952 1224 1999 moturaque
1248 1945 1374 1988 duros

348 1999 478 2041 verba
501 2014 652 2054 queror
676 2001 824 2042 silices.
882 2009 1036 2043 matres
1063 1999 1314 2044 Cadmeides
1337 2003 1492 2045 adsunt

257 2069 322 2101 305
348 2063 529 2121 votaque
545 2057 785 2121 ‘suscipiunt
810 2057 1164 2112 exhortanturque
1189 2059 1410 2101 dolentem.

347 2128 432 2154 una
454 2112 737 2155 ministrarum
761 2114 900 2156 media
924 2114 976 2156 de
1000 2114 1122 2168 plebe
1149 2113 1385 2164 Galanthis,

346 2169 457 2210 flava
481 2182 639 2219 comas,
665 2170 827 2220 aderat,
852 2170 1055 2212 faciendis
1081 2178 1249 2212 strenua
1271 2171 1407 2222 iussis,

347 2225 496 2266 officiis
521 2225 672 2267 dilecta
697 2226 800 2275 suis;
827 2242 876 2268 ea
901 2227 1030 2268 sensit
1055 2226 1199 2281 iniqua

345 2281 487 2323 nescio
512 2282 614 2335 quid
638 2283 799 2324 Iunone
823 2283 926 2338 geri.
987 2283 1171 2337 dumque
1196 2283 1282 2325 exit
1306 2290 1347 2325 et
1369 2283 1496 2327 intrat

256 2350 322 2382 310
347 2352 472 2393 saepe
496 2337 627 2388 fores,
654 2339 793 2380 divam
818 2339 1069 2381 residentem
1093 2340 1232 2381 vidit
1220 2355 1264 2381 m
1288 2355 1360 2382 ara

345 2394 659 2449 bracchiaque
648 2411 691 2436 1n
715 2396 895 2451 genibus
919 2396 1060 2451 digitis
1086 2410 1245 2438 conexa
1268 2403 1493 2447 tenentem,

345 2455 422 2492 et‘
430 2465 719 2506 quaecumque
745 2452 815 2501 es‚’
841 2452 899 2494 ait
923 2452 1135 2494 ‘dominae
1158 2459 1342 2508 gratare.
1371 2453 1509 2496 levata
1533 2460 1599 2496 est

343 2507 517 2562 Argolis
541 2508 767 2558 Alcmene,
791 2509 1032 2564 potiturque
1057 2523 1262 2564 puerpera
1285 2509 1410 2551 voto!

345 2563 490 2605 exiluit
514 2563 761 2618 iunctasque
785 2580 933 2606 manus
957 2565 1179 2620 pavefacta
1201 2565 1360 2608 remisit

253 2631 318 2663 315
346 2620 443 2661 diva
466 2627 614 2675 potens
638 2621 764 2662 uteri:
790 2621 938 2663 vinclis
961 2621 1112 2663 levor
1100 2636 1193 2676 lpsa
1216 2621 1413 2664 remissis.

343 2676 515 2718 numine
539 2676 715 2732 decepto
739 2677 878 2720 risisse
904 2676 1162 2720 Galanthida
1184 2677 1298 2719 fama
1321 2685 1396 2720 est.

342 2732 549 2774 ridentem
571 2747 851 2788 prensamque
875 2734 976 2789 ipsis
1001 2734 1080 2775 dea
1104 2749 1229 2776 saeva
1253 2733 1412 2789 capillis

343 2788 488 2837 traxit,
513 2795 552 2830 et
577 2803 599 2831 e
624 2796 734 2830 terra
758 2804 909 2845 corpus
933 2790 1118 2832 relevare
1143 2791 1351 2833 volentem
