<?xml version="1.0" encoding="UTF-8"?>
<!DOCTYPE html PUBLIC "-//W3C//DTD XHTML 1.0 Transitional//EN"
    "http://www.w3.org/TR/xhtml1/DTD/xhtml1-transitional.dtd">
<html xmlns="http://www.w3.org/1999/xhtml" xml:lang="en" lang="en">
 <head>
  <title>
</title>
<meta http-equiv="Content-Type" content="text/html;charset=utf-8" />
  <meta name='ocr-system' content='tesseract 3.04.00' />
  <meta name='ocr-capabilities' content='ocr_page ocr_carea ocr_par ocr_line ocrx_word'/>
</head>
<body>
  <div class='ocr_page' id='page_1' title='image "./carminao02oviduoft_0123.png"; bbox 0 0 1774 3256; ppageno 0'>
   <div class='ocr_carea' id='block_1_1' title="bbox 17 0 218 853">
    <p class='ocr_par' dir='ltr' id='par_1_1' title="bbox 18 0 218 851">
     <span class='ocr_line' id='line_1_1' title="bbox 23 0 218 242; baseline 0 -11"><span class='ocrx_word' id='word_1_1' title='bbox 23 0 218 242; x_wconf 70' lang='grc' dir='ltr'>ἔ</span> 
     </span>
     <span class='ocr_line' id='line_1_2' title="bbox 21 244 57 443; baseline 0 -51"><span class='ocrx_word' id='word_1_2' title='bbox 21 244 57 443; x_wconf 64' lang='grc' dir='ltr'>ξ</span> 
     </span>
     <span class='ocr_line' id='line_1_3' title="bbox 17 440 53 853; baseline 0 -2"><span class='ocrx_word' id='word_1_3' title='bbox 17 440 53 853; x_wconf 70' lang='grc' dir='ltr'>Ξ</span> 
     </span>
    </p>
   </div>
   <div class='ocr_carea' id='block_1_2' title="bbox 321 223 1469 270">
    <p class='ocr_par' dir='ltr' id='par_1_2' title="bbox 321 223 1469 270">
     <span class='ocr_line' id='line_1_4' title="bbox 321 223 1469 270; baseline -0.001 -2"><span class='ocrx_word' id='word_1_4' title='bbox 321 230 817 270; x_wconf 79' lang='lat' dir='ltr'><strong>METAMORPHOSEON</strong></span> <span class='ocrx_word' id='word_1_5' title='bbox 838 230 936 268; x_wconf 90' lang='lat' dir='ltr'><strong>LIB.</strong></span> <span class='ocrx_word' id='word_1_6' title='bbox 962 231 1009 269; x_wconf 82' lang='lat' dir='ltr'><strong>V.</strong></span> <span class='ocrx_word' id='word_1_7' title='bbox 1035 232 1229 269; x_wconf 82' lang='lat'><strong>523—610.</strong></span> <span class='ocrx_word' id='word_1_8' title='bbox 1413 223 1469 267; x_wconf 82' lang='grc'><strong>87</strong></span> 
     </span>
    </p>
   </div>
   <div class='ocr_carea' id='block_1_3' title="bbox 93 313 1390 427">
    <p class='ocr_par' dir='ltr' id='par_1_3' title="bbox 93 313 1390 427">
     <span class='ocr_line' id='line_1_5' title="bbox 93 313 1390 380; baseline 0 -23"><span class='ocrx_word' id='word_1_9' title='bbox 93 329 194 361; x_wconf 76' lang='lat' dir='ltr'><strong>cum</strong></span> <span class='ocrx_word' id='word_1_10' title='bbox 216 320 351 357; x_wconf 84' lang='lat' dir='ltr'><strong>matre</strong></span> <span class='ocrx_word' id='word_1_11' title='bbox 375 320 440 357; x_wconf 87' lang='lat' dir='ltr'><strong>est</strong></span> <span class='ocrx_word' id='word_1_12' title='bbox 462 313 658 365; x_wconf 87' lang='lat' dir='ltr'><strong>totidem,</strong></span> <span class='ocrx_word' id='word_1_13' title='bbox 681 313 857 357; x_wconf 87' lang='lat' dir='ltr'><strong>totidem</strong></span> <span class='ocrx_word' id='word_1_14' title='bbox 881 329 979 358; x_wconf 91' lang='lat' dir='ltr'><strong>cum</strong></span> <span class='ocrx_word' id='word_1_15' title='bbox 1003 314 1184 380; x_wconf 78' lang='lat' dir='ltr'><strong>coniuge</strong></span> <span class='ocrx_word' id='word_1_16' title='bbox 1207 328 1390 358; x_wconf 86' lang='lat' dir='ltr'><strong>menses.</strong></span> 
     </span>
     <span class='ocr_line' id='line_1_6' title="bbox 96 370 1098 427; baseline -0.003 -11"><span class='ocrx_word' id='word_1_17' title='bbox 96 370 275 416; x_wconf 76' lang='lat' dir='ltr'><strong>vertitur</strong></span> <span class='ocrx_word' id='word_1_18' title='bbox 296 370 508 427; x_wconf 87' lang='lat' dir='ltr'><strong>extemplo</strong></span> <span class='ocrx_word' id='word_1_19' title='bbox 532 370 664 413; x_wconf 87' lang='lat' dir='ltr'><strong>facies</strong></span> <span class='ocrx_word' id='word_1_20' title='bbox 687 377 731 413; x_wconf 91' lang='lat' dir='ltr'><strong>et</strong></span> <span class='ocrx_word' id='word_1_21' title='bbox 754 371 907 414; x_wconf 88' lang='lat' dir='ltr'><strong>mentis</strong></span> <span class='ocrx_word' id='word_1_22' title='bbox 931 378 974 414; x_wconf 90' lang='lat' dir='ltr'><strong>et</strong></span> <span class='ocrx_word' id='word_1_23' title='bbox 995 371 1098 413; x_wconf 89' lang='lat' dir='ltr'><strong>oris.</strong></span> 
     </span>
    </p>
   </div>
   <div class='ocr_carea' id='block_1_4' title="bbox 47 427 1338 484">
    <p class='ocr_par' dir='ltr' id='par_1_4' title="bbox 47 427 1338 484">
     <span class='ocr_line' id='line_1_7' title="bbox 47 427 1338 484; baseline -0.001 -12"><span class='ocrx_word' id='word_1_24' title='bbox 47 443 50 444; x_wconf 50' lang='lat'><em>⁷</em></span> <span class='ocrx_word' id='word_1_25' title='bbox 93 443 197 472; x_wconf 74' lang='lat' dir='ltr'><strong>nam</strong></span> <span class='ocrx_word' id='word_1_26' title='bbox 218 427 346 470; x_wconf 90' lang='lat' dir='ltr'><strong>modo</strong></span> <span class='ocrx_word' id='word_1_27' title='bbox 368 441 480 482; x_wconf 85' lang='lat' dir='ltr'><strong>quae</strong></span> <span class='ocrx_word' id='word_1_28' title='bbox 502 435 669 484; x_wconf 87' lang='lat' dir='ltr'><strong>poterat</strong></span> <span class='ocrx_word' id='word_1_29' title='bbox 690 427 784 470; x_wconf 90' lang='lat' dir='ltr'><strong>Diti</strong></span> <span class='ocrx_word' id='word_1_30' title='bbox 808 442 980 483; x_wconf 91' lang='lat' dir='ltr'><strong>quoque</strong></span> <span class='ocrx_word' id='word_1_31' title='bbox 1003 435 1167 471; x_wconf 86' lang='lat' dir='ltr'><strong>maesta</strong></span> <span class='ocrx_word' id='word_1_32' title='bbox 1189 427 1338 479; x_wconf 89' lang='lat' dir='ltr'><strong>videri,</strong></span> 
     </span>
    </p>
   </div>
   <div class='ocr_carea' id='block_1_5' title="bbox 93 483 1564 541">
    <p class='ocr_par' dir='ltr' id='par_1_5' title="bbox 93 483 1564 541">
     <span class='ocr_line' id='line_1_8' title="bbox 93 483 1564 541; baseline 0.003 -13"><span class='ocrx_word' id='word_1_33' title='bbox 93 485 209 529; x_wconf 68' lang='lat' dir='ltr'><strong>laeta</strong></span> <span class='ocrx_word' id='word_1_34' title='bbox 231 483 337 527; x_wconf 85' lang='lat' dir='ltr'><strong>deae</strong></span> <span class='ocrx_word' id='word_1_35' title='bbox 359 483 478 527; x_wconf 83' lang='lat' dir='ltr'><strong>frons</strong></span> <span class='ocrx_word' id='word_1_36' title='bbox 501 492 586 527; x_wconf 86' lang='lat' dir='ltr'><strong>est.</strong></span> <span class='ocrx_word' id='word_1_37' title='bbox 613 491 660 526; x_wconf 84' lang='lat' dir='ltr'><strong>ut</strong></span> <span class='ocrx_word' id='word_1_38' title='bbox 682 485 764 535; x_wconf 90' lang='lat' dir='ltr'><strong>sol,</strong></span> <span class='ocrx_word' id='word_1_39' title='bbox 789 485 864 539; x_wconf 90' lang='lat' dir='ltr'><strong>qui</strong></span> <span class='ocrx_word' id='word_1_40' title='bbox 887 492 1023 528; x_wconf 87' lang='lat' dir='ltr'><strong>tectus</strong></span> <span class='ocrx_word' id='word_1_41' title='bbox 1048 485 1219 541; x_wconf 79' lang='lat' dir='ltr'>aquosis</span> <span class='ocrx_word' id='word_1_42' title='bbox 1495 500 1564 532; x_wconf 87' lang='lat'><strong>570</strong></span> 
     </span>
    </p>
   </div>
   <div class='ocr_carea' id='block_1_6' title="bbox 19 540 1058 599">
    <p class='ocr_par' dir='ltr' id='par_1_6' title="bbox 19 540 1058 599">
     <span class='ocr_line' id='line_1_9' title="bbox 19 540 1058 599; baseline -0.001 -14"><span class='ocrx_word' id='word_1_43' title='bbox 19 598 22 599; x_wconf 19' lang='lat'><em>⁷</em></span> <span class='ocrx_word' id='word_1_44' title='bbox 51 547 53 549; x_wconf 81' lang='grc'><strong>’</strong></span> <span class='ocrx_word' id='word_1_45' title='bbox 91 540 283 586; x_wconf 79' lang='lat' dir='ltr'><strong>nubibus</strong></span> <span class='ocrx_word' id='word_1_46' title='bbox 306 548 404 584; x_wconf 87' lang='lat' dir='ltr'><strong>ante</strong></span> <span class='ocrx_word' id='word_1_47' title='bbox 427 540 528 591; x_wconf 84' lang='lat' dir='ltr'><strong>fuit,</strong></span> <span class='ocrx_word' id='word_1_48' title='bbox 551 541 675 584; x_wconf 87' lang='lat' dir='ltr'><strong>victis</strong></span> <span class='ocrx_word' id='word_1_49' title='bbox 698 556 723 584; x_wconf 94' lang='lat' dir='ltr'><strong>e</strong></span> <span class='ocrx_word' id='word_1_50' title='bbox 745 541 933 584; x_wconf 89' lang='lat' dir='ltr'><strong>nubibus</strong></span> <span class='ocrx_word' id='word_1_51' title='bbox 958 542 1058 585; x_wconf 88' lang='lat' dir='ltr'><strong>exit.</strong></span> 
     </span>
    </p>
   </div>
   <div class='ocr_carea' id='block_1_7' title="bbox 91 595 1563 722">
    <p class='ocr_par' dir='ltr' id='par_1_7' title="bbox 91 595 1563 712">
     <span class='ocr_line' id='line_1_10' title="bbox 152 595 1563 664; baseline 0.004 -25"><span class='ocrx_word' id='word_1_52' title='bbox 152 596 304 664; x_wconf 75' lang='lat' dir='ltr'><strong>Exigit</strong></span> <span class='ocrx_word' id='word_1_53' title='bbox 325 598 440 640; x_wconf 83' lang='lat' dir='ltr'><strong>alma</strong></span> <span class='ocrx_word' id='word_1_54' title='bbox 463 595 616 648; x_wconf 87' lang='lat' dir='ltr'><strong>Ceres,</strong></span> <span class='ocrx_word' id='word_1_55' title='bbox 639 606 741 640; x_wconf 87' lang='lat' dir='ltr'><strong>nata</strong></span> <span class='ocrx_word' id='word_1_56' title='bbox 763 612 914 641; x_wconf 87' lang='lat' dir='ltr'><strong>secura</strong></span> <span class='ocrx_word' id='word_1_57' title='bbox 936 606 1121 654; x_wconf 87' lang='lat' dir='ltr'><strong>recepta,</strong></span> <span class='ocrx_word' id='word_1_58' title='bbox 1352 610 1563 655; x_wconf 75' lang='lat' dir='ltr'><em>(Arethusa.)</em></span> 
     </span>
     <span class='ocr_line' id='line_1_11' title="bbox 91 654 1385 722; baseline 0.001 -25"><span class='ocrx_word' id='word_1_59' title='bbox 91 669 208 722; x_wconf 83' lang='lat' dir='ltr'><strong>quae</strong></span> <span class='ocrx_word' id='word_1_60' title='bbox 229 654 307 697; x_wconf 82' lang='lat' dir='ltr'><strong>nbi</strong></span> <span class='ocrx_word' id='word_1_61' title='bbox 331 669 461 697; x_wconf 84' lang='lat' dir='ltr'><strong>causa</strong></span> <span class='ocrx_word' id='word_1_62' title='bbox 482 654 633 711; x_wconf 86' lang='lat' dir='ltr'><strong>fugae,</strong></span> <span class='ocrx_word' id='word_1_63' title='bbox 657 669 735 697; x_wconf 88' lang='lat' dir='ltr'><strong>cur</strong></span> <span class='ocrx_word' id='word_1_64' title='bbox 757 655 835 705; x_wconf 89' lang='lat' dir='ltr'><strong>sis,</strong></span> <span class='ocrx_word' id='word_1_65' title='bbox 860 655 1096 706; x_wconf 82' lang='lat' dir='ltr'><strong>Arethusa,</strong></span> <span class='ocrx_word' id='word_1_66' title='bbox 1121 670 1241 699; x_wconf 88' lang='lat' dir='ltr'><strong>sacer</strong></span> <span class='ocrx_word' id='word_1_67' title='bbox 1263 655 1385 698; x_wconf 85' lang='lat' dir='ltr'><strong>fons?</strong></span> 
     </span>
    </p>
   </div>
   <div class='ocr_carea' id='block_1_8' title="bbox 45 711 1161 766">
    <p class='ocr_par' dir='ltr' id='par_1_8' title="bbox 45 711 1161 766">
     <span class='ocr_line' id='line_1_12' title="bbox 45 711 1161 766; baseline -0.004 -8"><span class='ocrx_word' id='word_1_68' title='bbox 45 755 47 758; x_wconf 83' lang='lat'><em>.</em></span> <span class='ocrx_word' id='word_1_69' title='bbox 96 711 338 756; x_wconf 76' lang='lat' dir='ltr'><strong>conticuere</strong></span> <span class='ocrx_word' id='word_1_70' title='bbox 359 711 514 754; x_wconf 87' lang='lat' dir='ltr'><strong>undae.</strong></span> <span class='ocrx_word' id='word_1_71' title='bbox 573 725 755 766; x_wconf 87' lang='lat' dir='ltr'><strong>quarum</strong></span> <span class='ocrx_word' id='word_1_72' title='bbox 779 712 860 754; x_wconf 89' lang='lat' dir='ltr'><strong>dea</strong></span> <span class='ocrx_word' id='word_1_73' title='bbox 883 711 1052 754; x_wconf 83' lang='lat' dir='ltr'><strong>sustulit</strong></span> <span class='ocrx_word' id='word_1_74' title='bbox 1075 712 1161 754; x_wconf 87' lang='lat' dir='ltr'><strong>alto</strong></span> 
     </span>
    </p>
   </div>
   <div class='ocr_carea' id='block_1_9' title="bbox 22 767 1562 834">
    <p class='ocr_par' dir='ltr' id='par_1_9' title="bbox 22 767 1562 834">
     <span class='ocr_line' id='line_1_13' title="bbox 22 767 1562 834; baseline -0.001 -22"><span class='ocrx_word' id='word_1_75' title='bbox 22 808 46 815; x_wconf 84' lang='grc'><strong>,.</strong></span> <span class='ocrx_word' id='word_1_76' title='bbox 93 768 213 812; x_wconf 87' lang='lat' dir='ltr'><strong>fonte</strong></span> <span class='ocrx_word' id='word_1_77' title='bbox 237 774 383 834; x_wconf 79' lang='lat' dir='ltr'><strong>caput,</strong></span> <span class='ocrx_word' id='word_1_78' title='bbox 407 767 647 822; x_wconf 86' lang='lat' dir='ltr'><strong>viridesque</strong></span> <span class='ocrx_word' id='word_1_79' title='bbox 671 783 802 810; x_wconf 84' lang='lat' dir='ltr'><strong>manu</strong></span> <span class='ocrx_word' id='word_1_80' title='bbox 826 768 984 811; x_wconf 88' lang='lat' dir='ltr'><strong>siccata</strong></span> <span class='ocrx_word' id='word_1_81' title='bbox 1008 768 1183 824; x_wconf 85' lang='lat' dir='ltr'><strong>capillos</strong></span> <span class='ocrx_word' id='word_1_82' title='bbox 1495 783 1562 815; x_wconf 80' lang='lat'><strong>575</strong></span> 
     </span>
    </p>
   </div>
   <div class='ocr_carea' id='block_1_10' title="bbox 24 823 1407 984">
    <p class='ocr_par' dir='ltr' id='par_1_10' title="bbox 91 823 1407 982">
     <span class='ocr_line' id='line_1_14' title="bbox 92 823 1000 869; baseline -0.003 0"><span class='ocrx_word' id='word_1_83' title='bbox 92 824 280 869; x_wconf 83' lang='lat' dir='ltr'><strong>fluminis</strong></span> <span class='ocrx_word' id='word_1_84' title='bbox 304 823 401 868; x_wconf 82' lang='lat' dir='ltr'><strong>Elei</strong></span> <span class='ocrx_word' id='word_1_85' title='bbox 425 832 589 867; x_wconf 89' lang='lat' dir='ltr'><strong>veteres</strong></span> <span class='ocrx_word' id='word_1_86' title='bbox 612 824 798 867; x_wconf 88' lang='lat' dir='ltr'><strong>narravit</strong></span> <span class='ocrx_word' id='word_1_87' title='bbox 821 839 1000 867; x_wconf 88' lang='lat' dir='ltr'><strong>amores.</strong></span> 
     </span>
     <span class='ocr_line' id='line_1_15' title="bbox 24 881 1407 984; baseline 0 -59"><span class='ocrx_word' id='word_1_88' title='bbox 24 885 242 984; x_wconf 40' lang='grc' dir='ltr'><strong>ἑωρετε</strong></span> <span class='ocrx_word' id='word_1_89' title='bbox 266 895 348 948; x_wconf 79' lang='lat' dir='ltr'><strong>ego</strong></span> <span class='ocrx_word' id='word_1_90' title='bbox 369 881 675 938; x_wconf 81' lang='lat' dir='ltr'><strong>nympharum,</strong></span> <span class='ocrx_word' id='word_1_91' title='bbox 699 895 810 936; x_wconf 85' lang='lat' dir='ltr'><strong>quae</strong></span> <span class='ocrx_word' id='word_1_92' title='bbox 834 888 934 924; x_wconf 90' lang='lat' dir='ltr'><strong>sunt</strong></span> <span class='ocrx_word' id='word_1_93' title='bbox 956 881 1000 923; x_wconf 89' lang='lat' dir='ltr'><strong>in</strong></span> <span class='ocrx_word' id='word_1_94' title='bbox 1024 881 1274 933; x_wconf 90' lang='lat' dir='ltr'><strong>Achaide,&#39;&#39;’</strong></span> <span class='ocrx_word' id='word_1_95' title='bbox 1300 882 1407 925; x_wconf 85' lang='lat' dir='ltr'><strong>dixit</strong></span> 
     </span>
     <span class='ocr_line' id='line_1_16' title="bbox 91 937 1126 982; baseline -0.001 -0.946"><span class='ocrx_word' id='word_1_96' title='bbox 91 941 231 981; x_wconf 79' lang='lat' dir='ltr'><strong>“‘una</strong></span> <span class='ocrx_word' id='word_1_97' title='bbox 252 937 329 981; x_wconf 88' lang='lat' dir='ltr'><strong>fm.</strong></span> <span class='ocrx_word' id='word_1_98' title='bbox 387 952 468 982; x_wconf 87' lang='lat' dir='ltr'><strong>nec</strong></span> <span class='ocrx_word' id='word_1_99' title='bbox 489 953 559 981; x_wconf 90' lang='lat' dir='ltr'><strong>me</strong></span> <span class='ocrx_word' id='word_1_100' title='bbox 583 938 813 981; x_wconf 85' lang='lat' dir='ltr'><strong>studiosius</strong></span> <span class='ocrx_word' id='word_1_101' title='bbox 837 938 970 981; x_wconf 87' lang='lat' dir='ltr'><strong>altera</strong></span> <span class='ocrx_word' id='word_1_102' title='bbox 993 938 1126 981; x_wconf 89' lang='lat' dir='ltr'><strong>saltus</strong></span> 
     </span>
    </p>
   </div>
   <div class='ocr_carea' id='block_1_11' title="bbox 0 994 1563 1210">
    <p class='ocr_par' dir='ltr' id='par_1_11' title="bbox 20 994 1074 1062">
     <span class='ocr_line' id='line_1_17' title="bbox 93 994 1074 1062; baseline -0.002 -23.14"><span class='ocrx_word' id='word_1_103' title='bbox 93 995 218 1052; x_wconf 82' lang='lat' dir='ltr'><strong>legit,</strong></span> <span class='ocrx_word' id='word_1_104' title='bbox 242 1009 322 1038; x_wconf 86' lang='lat' dir='ltr'><strong>nec</strong></span> <span class='ocrx_word' id='word_1_105' title='bbox 345 994 488 1062; x_wconf 76' lang='lat' dir='ltr'><strong>posuit</strong></span> <span class='ocrx_word' id='word_1_106' title='bbox 511 994 740 1038; x_wconf 84' lang='lat' dir='ltr'><strong>studiosius</strong></span> <span class='ocrx_word' id='word_1_107' title='bbox 764 995 897 1038; x_wconf 86' lang='lat' dir='ltr'><strong>altera</strong></span> <span class='ocrx_word' id='word_1_108' title='bbox 919 1009 1074 1038; x_wconf 89' lang='lat' dir='ltr'><strong>casses.</strong></span> 
     </span>
    </p>

    <p class='ocr_par' dir='ltr' id='par_1_12' title="bbox 0 1052 1563 1210">
     <span class='ocr_line' id='line_1_18' title="bbox 27 1052 1563 1108; baseline 0.002 -12"><span class='ocrx_word' id='word_1_109' title='bbox 27 1054 39 1073; x_wconf 56' lang='lat'><strong>‘¹</strong></span> <span class='ocrx_word' id='word_1_110' title='bbox 92 1052 173 1096; x_wconf 74' lang='lat' dir='ltr'><strong>sed</strong></span> <span class='ocrx_word' id='word_1_111' title='bbox 195 1065 392 1108; x_wconf 78' lang='lat' dir='ltr'><strong>quamvis</strong></span> <span class='ocrx_word' id='word_1_112' title='bbox 414 1052 578 1095; x_wconf 88' lang='lat' dir='ltr'><strong>formae</strong></span> <span class='ocrx_word' id='word_1_113' title='bbox 600 1066 835 1107; x_wconf 88' lang='lat' dir='ltr'><strong>numquam</strong></span> <span class='ocrx_word' id='word_1_114' title='bbox 858 1052 963 1094; x_wconf 92' lang='lat' dir='ltr'><strong>mihi</strong></span> <span class='ocrx_word' id='word_1_115' title='bbox 986 1052 1102 1094; x_wconf 85' lang='lat' dir='ltr'><strong>fama</strong></span> <span class='ocrx_word' id='word_1_116' title='bbox 1125 1052 1257 1108; x_wconf 90' lang='lat' dir='ltr'><strong>petita</strong></span> <span class='ocrx_word' id='word_1_117' title='bbox 1280 1062 1357 1104; x_wconf 89' lang='lat' dir='ltr'><strong>est,</strong></span> <span class='ocrx_word' id='word_1_118' title='bbox 1495 1067 1563 1100; x_wconf 85' lang='grc'><strong>580</strong></span> 
     </span>
     <span class='ocr_line' id='line_1_19' title="bbox 24 1108 1251 1165; baseline 0 -13"><span class='ocrx_word' id='word_1_119' title='bbox 24 1120 28 1163; x_wconf 78' lang='grc' dir='ltr'><strong><em>ζ</em></strong></span> <span class='ocrx_word' id='word_1_120' title='bbox 91 1109 291 1165; x_wconf 83' lang='lat' dir='ltr'><strong>quamvis</strong></span> <span class='ocrx_word' id='word_1_121' title='bbox 314 1108 436 1151; x_wconf 88' lang='lat' dir='ltr'><strong>fortis</strong></span> <span class='ocrx_word' id='word_1_122' title='bbox 460 1123 590 1159; x_wconf 89' lang='lat' dir='ltr'><strong>eram,</strong></span> <span class='ocrx_word' id='word_1_123' title='bbox 613 1108 825 1152; x_wconf 84' lang='lat' dir='ltr'><strong>formosae</strong></span> <span class='ocrx_word' id='word_1_124' title='bbox 848 1123 1004 1152; x_wconf 88' lang='lat' dir='ltr'><strong>nomen</strong></span> <span class='ocrx_word' id='word_1_125' title='bbox 1027 1109 1251 1152; x_wconf 87' lang='lat' dir='ltr'><strong>habebam.</strong></span> 
     </span>
     <span class='ocr_line' id='line_1_20' title="bbox 0 1165 1154 1210; baseline -0.002 0"><span class='ocrx_word' id='word_1_126' title='bbox 0 1169 1 1177; x_wconf 58' lang='lat'>¹</span> <span class='ocrx_word' id='word_1_127' title='bbox 32 1190 34 1194; x_wconf 94' lang='lat'>·</span> <span class='ocrx_word' id='word_1_128' title='bbox 90 1180 174 1210; x_wconf 78' lang='lat' dir='ltr'><strong>nec</strong></span> <span class='ocrx_word' id='word_1_129' title='bbox 197 1180 294 1209; x_wconf 89' lang='lat' dir='ltr'><strong>mea</strong></span> <span class='ocrx_word' id='word_1_130' title='bbox 315 1180 385 1209; x_wconf 91' lang='lat' dir='ltr'><strong>me</strong></span> <span class='ocrx_word' id='word_1_131' title='bbox 408 1165 539 1208; x_wconf 85' lang='lat' dir='ltr'><strong>facies</strong></span> <span class='ocrx_word' id='word_1_132' title='bbox 562 1166 741 1208; x_wconf 89' lang='lat' dir='ltr'><strong>nimium</strong></span> <span class='ocrx_word' id='word_1_133' title='bbox 763 1166 938 1208; x_wconf 87' lang='lat' dir='ltr'><strong>laudata</strong></span> <span class='ocrx_word' id='word_1_134' title='bbox 960 1166 1154 1208; x_wconf 85' lang='lat' dir='ltr'><strong>iuvabat:</strong></span> 
     </span>
    </p>
   </div>
   <div class='ocr_carea' id='block_1_12' title="bbox 91 1222 1196 1346">
    <p class='ocr_par' dir='ltr' id='par_1_13' title="bbox 91 1222 1196 1337">
     <span class='ocr_line' id='line_1_21' title="bbox 94 1222 1196 1289; baseline 0.001 -23"><span class='ocrx_word' id='word_1_135' title='bbox 94 1236 266 1289; x_wconf 87' lang='lat' dir='ltr'><strong>quaque</strong></span> <span class='ocrx_word' id='word_1_136' title='bbox 290 1222 398 1266; x_wconf 86' lang='lat' dir='ltr'><strong>aliae</strong></span> <span class='ocrx_word' id='word_1_137' title='bbox 420 1223 609 1289; x_wconf 85' lang='lat' dir='ltr'><strong>gaudere</strong></span> <span class='ocrx_word' id='word_1_138' title='bbox 632 1223 786 1273; x_wconf 87' lang='lat' dir='ltr'><strong>solent,</strong></span> <span class='ocrx_word' id='word_1_139' title='bbox 811 1238 892 1279; x_wconf 87' lang='lat' dir='ltr'><strong>ego</strong></span> <span class='ocrx_word' id='word_1_140' title='bbox 915 1223 1074 1266; x_wconf 88' lang='lat' dir='ltr'><strong>rustica</strong></span> <span class='ocrx_word' id='word_1_141' title='bbox 1098 1223 1196 1267; x_wconf 90' lang='lat' dir='ltr'><strong>dote</strong></span> 
     </span>
     <span class='ocr_line' id='line_1_22' title="bbox 91 1279 1121 1346; baseline -0.002 -22"><span class='ocrx_word' id='word_1_142' title='bbox 91 1279 282 1337; x_wconf 75' lang='lat' dir='ltr'><strong>corporis</strong></span> <span class='ocrx_word' id='word_1_143' title='bbox 306 1279 477 1330; x_wconf 87' lang='lat' dir='ltr'><strong>erubui,</strong></span> <span class='ocrx_word' id='word_1_144' title='bbox 501 1279 746 1346; x_wconf 87' lang='lat' dir='ltr'><strong>crimenque</strong></span> <span class='ocrx_word' id='word_1_145' title='bbox 769 1280 937 1336; x_wconf 88' lang='lat' dir='ltr'><strong>placere</strong></span> <span class='ocrx_word' id='word_1_146' title='bbox 962 1280 1121 1336; x_wconf 88' lang='lat' dir='ltr'><strong>putavi.</strong></span> 
     </span>
    </p>
   </div>
   <div class='ocr_carea' id='block_1_13' title="bbox 30 1336 1563 1403">
    <p class='ocr_par' dir='ltr' id='par_1_14' title="bbox 30 1336 1563 1403">
     <span class='ocr_line' id='line_1_23' title="bbox 30 1336 1563 1403; baseline 0.003 -23"><span class='ocrx_word' id='word_1_147' title='bbox 30 1348 35 1351; x_wconf 82' lang='grc'>’</span> <span class='ocrx_word' id='word_1_148' title='bbox 93 1336 208 1380; x_wconf 87' lang='lat' dir='ltr'><strong>lassa</strong></span> <span class='ocrx_word' id='word_1_149' title='bbox 229 1336 487 1387; x_wconf 81' lang='lat' dir='ltr'><strong>revertebar,</strong></span> <span class='ocrx_word' id='word_1_150' title='bbox 510 1337 704 1388; x_wconf 90' lang='lat' dir='ltr'><strong>memini,</strong></span> <span class='ocrx_word' id='word_1_151' title='bbox 731 1336 1028 1403; x_wconf 88' lang='lat' dir='ltr'><strong>Stymphalide</strong></span> <span class='ocrx_word' id='word_1_152' title='bbox 1053 1337 1177 1380; x_wconf 89' lang='lat' dir='ltr'><strong>silva.</strong></span> <span class='ocrx_word' id='word_1_153' title='bbox 1495 1351 1563 1384; x_wconf 80' lang='lat'><strong>585</strong></span> 
     </span>
    </p>
   </div>
   <div class='ocr_carea' id='block_1_14' title="bbox 91 1394 1344 1621">
    <p class='ocr_par' dir='ltr' id='par_1_15' title="bbox 91 1394 1344 1621">
     <span class='ocr_line' id='line_1_24' title="bbox 91 1394 1344 1460; baseline 0 -23"><span class='ocrx_word' id='word_1_154' title='bbox 91 1400 238 1437; x_wconf 86' lang='lat' dir='ltr'><strong>aestus</strong></span> <span class='ocrx_word' id='word_1_155' title='bbox 261 1401 370 1444; x_wconf 79' lang='lat' dir='ltr'><strong>erat,</strong></span> <span class='ocrx_word' id='word_1_156' title='bbox 392 1408 684 1460; x_wconf 78' lang='lat' dir='ltr'><strong>magnumque</strong></span> <span class='ocrx_word' id='word_1_157' title='bbox 707 1394 829 1437; x_wconf 90' lang='lat' dir='ltr'><strong>labor</strong></span> <span class='ocrx_word' id='word_1_158' title='bbox 850 1394 1143 1450; x_wconf 84' lang='lat' dir='ltr'><strong>geminaverat</strong></span> <span class='ocrx_word' id='word_1_159' title='bbox 1167 1402 1344 1437; x_wconf 84' lang='lat' dir='ltr'><strong>aestum.</strong></span> 
     </span>
     <span class='ocr_line' id='line_1_25' title="bbox 92 1450 1280 1506; baseline -0.001 -12"><span class='ocrx_word' id='word_1_160' title='bbox 92 1450 265 1494; x_wconf 81' lang='lat' dir='ltr'><strong>invenio</strong></span> <span class='ocrx_word' id='word_1_161' title='bbox 288 1450 380 1494; x_wconf 89' lang='lat' dir='ltr'><strong>sine</strong></span> <span class='ocrx_word' id='word_1_162' title='bbox 403 1451 561 1494; x_wconf 89' lang='lat' dir='ltr'><strong>vertice</strong></span> <span class='ocrx_word' id='word_1_163' title='bbox 584 1465 737 1506; x_wconf 87' lang='lat' dir='ltr'><strong>aquas,</strong></span> <span class='ocrx_word' id='word_1_164' title='bbox 762 1451 853 1494; x_wconf 86' lang='lat' dir='ltr'><strong>sine</strong></span> <span class='ocrx_word' id='word_1_165' title='bbox 876 1466 1093 1494; x_wconf 91' lang='lat' dir='ltr'><strong>murmure</strong></span> <span class='ocrx_word' id='word_1_166' title='bbox 1118 1459 1280 1501; x_wconf 88' lang='lat' dir='ltr'><strong>euntes,</strong></span> 
     </span>
     <span class='ocr_line' id='line_1_26' title="bbox 93 1507 1281 1565; baseline 0.001 -15"><span class='ocrx_word' id='word_1_167' title='bbox 93 1507 340 1565; x_wconf 86' lang='lat' dir='ltr'><strong>perspicuas</strong></span> <span class='ocrx_word' id='word_1_168' title='bbox 365 1507 420 1550; x_wconf 86' lang='lat' dir='ltr'><strong>ad</strong></span> <span class='ocrx_word' id='word_1_169' title='bbox 443 1507 643 1558; x_wconf 91' lang='lat' dir='ltr'><strong>humum,</strong></span> <span class='ocrx_word' id='word_1_170' title='bbox 667 1522 744 1564; x_wconf 92' lang='lat' dir='ltr'><strong>per</strong></span> <span class='ocrx_word' id='word_1_171' title='bbox 768 1522 875 1562; x_wconf 87' lang='lat' dir='ltr'><strong>quas</strong></span> <span class='ocrx_word' id='word_1_172' title='bbox 899 1508 1173 1551; x_wconf 89' lang='lat' dir='ltr'><strong>numerabilis</strong></span> <span class='ocrx_word' id='word_1_173' title='bbox 1198 1509 1281 1551; x_wconf 87' lang='lat' dir='ltr'><strong>alte</strong></span> 
     </span>
     <span class='ocr_line' id='line_1_27' title="bbox 91 1564 1171 1621; baseline -0.001 -13"><span class='ocrx_word' id='word_1_174' title='bbox 91 1564 284 1608; x_wconf 76' lang='lat' dir='ltr'><strong>calculus</strong></span> <span class='ocrx_word' id='word_1_175' title='bbox 308 1564 445 1607; x_wconf 83' lang='lat' dir='ltr'><strong>omnis</strong></span> <span class='ocrx_word' id='word_1_176' title='bbox 468 1572 577 1615; x_wconf 85' lang='lat' dir='ltr'><strong>erat,</strong></span> <span class='ocrx_word' id='word_1_177' title='bbox 602 1578 710 1620; x_wconf 88' lang='lat' dir='ltr'><strong>quas</strong></span> <span class='ocrx_word' id='word_1_178' title='bbox 734 1572 782 1607; x_wconf 90' lang='lat' dir='ltr'><strong>tu</strong></span> <span class='ocrx_word' id='word_1_179' title='bbox 806 1565 878 1607; x_wconf 88' lang='lat' dir='ltr'><strong>vix</strong></span> <span class='ocrx_word' id='word_1_180' title='bbox 901 1565 962 1608; x_wconf 89' lang='lat' dir='ltr'><strong>ire</strong></span> <span class='ocrx_word' id='word_1_181' title='bbox 986 1573 1171 1621; x_wconf 88' lang='lat' dir='ltr'><strong>putares.</strong></span> 
     </span>
    </p>
   </div>
   <div class='ocr_carea' id='block_1_15' title="bbox 5 1608 1565 1745">
    <p class='ocr_par' dir='ltr' id='par_1_16' title="bbox 5 1608 1565 1735">
     <span class='ocr_line' id='line_1_28' title="bbox 5 1608 1565 1678; baseline 0.003 -14"><span class='ocrx_word' id='word_1_182' title='bbox 5 1608 8 1611; x_wconf 33' lang='lat'><em>¹</em></span> <span class='ocrx_word' id='word_1_183' title='bbox 91 1635 204 1665; x_wconf 80' lang='lat' dir='ltr'><strong>cana</strong></span> <span class='ocrx_word' id='word_1_184' title='bbox 227 1621 374 1664; x_wconf 85' lang='lat' dir='ltr'><strong>salicta</strong></span> <span class='ocrx_word' id='word_1_185' title='bbox 397 1621 558 1664; x_wconf 84' lang='lat' dir='ltr'><strong>dabant</strong></span> <span class='ocrx_word' id='word_1_186' title='bbox 578 1621 822 1676; x_wconf 86' lang='lat' dir='ltr'><strong>nutritaque</strong></span> <span class='ocrx_word' id='word_1_187' title='bbox 845 1623 1028 1678; x_wconf 91' lang='lat' dir='ltr'><strong>populus</strong></span> <span class='ocrx_word' id='word_1_188' title='bbox 1052 1622 1169 1665; x_wconf 89' lang='lat' dir='ltr'><strong>unda</strong></span> <span class='ocrx_word' id='word_1_189' title='bbox 1495 1635 1565 1668; x_wconf 86' lang='grc'><strong>590</strong></span> 
     </span>
     <span class='ocr_line' id='line_1_29' title="bbox 12 1678 1091 1745; baseline 0 -24"><span class='ocrx_word' id='word_1_190' title='bbox 12 1682 36 1715; x_wconf 59' lang='lat' dir='ltr'><em>L</em></span> <span class='ocrx_word' id='word_1_191' title='bbox 93 1686 253 1745; x_wconf 82' lang='lat' dir='ltr'><strong>sponte</strong></span> <span class='ocrx_word' id='word_1_192' title='bbox 270 1693 349 1721; x_wconf 85' lang='lat' dir='ltr'><strong>sua</strong></span> <span class='ocrx_word' id='word_1_193' title='bbox 371 1686 495 1720; x_wconf 86' lang='lat' dir='ltr'><strong>natas</strong></span> <span class='ocrx_word' id='word_1_194' title='bbox 518 1678 620 1734; x_wconf 88' lang='lat' dir='ltr'><strong>ripis</strong></span> <span class='ocrx_word' id='word_1_195' title='bbox 645 1678 879 1721; x_wconf 84' lang='lat' dir='ltr'><strong>declivibus</strong></span> <span class='ocrx_word' id='word_1_196' title='bbox 904 1679 1091 1721; x_wconf 87' lang='lat' dir='ltr'><strong>umbras.</strong></span> 
     </span>
    </p>
   </div>
   <div class='ocr_carea' id='block_1_16' title="bbox 92 1734 1040 1792">
    <p class='ocr_par' dir='ltr' id='par_1_17' title="bbox 92 1734 1040 1792">
     <span class='ocr_line' id='line_1_30' title="bbox 92 1734 1040 1792; baseline -0.001 -14"><span class='ocrx_word' id='word_1_197' title='bbox 92 1734 255 1778; x_wconf 84' lang='lat' dir='ltr'><strong>accessi</strong></span> <span class='ocrx_word' id='word_1_198' title='bbox 277 1735 547 1791; x_wconf 88' lang='lat' dir='ltr'><strong>primumque</strong></span> <span class='ocrx_word' id='word_1_199' title='bbox 569 1735 690 1791; x_wconf 91' lang='lat' dir='ltr'><strong>pedis</strong></span> <span class='ocrx_word' id='word_1_200' title='bbox 715 1735 896 1792; x_wconf 88' lang='lat' dir='ltr'><strong>vestigia</strong></span> <span class='ocrx_word' id='word_1_201' title='bbox 920 1735 1040 1787; x_wconf 87' lang='lat' dir='ltr'><strong>tinxi,</strong></span> 
     </span>
    </p>
   </div>
   <div class='ocr_carea' id='block_1_17' title="bbox 27 1791 1326 1859">
    <p class='ocr_par' dir='ltr' id='par_1_18' title="bbox 27 1791 1326 1859">
     <span class='ocr_line' id='line_1_31' title="bbox 27 1791 1326 1859; baseline 0.002 -27"><span class='ocrx_word' id='word_1_202' title='bbox 27 1823 39 1831; x_wconf 81' lang='grc'><strong>.</strong></span> <span class='ocrx_word' id='word_1_203' title='bbox 95 1791 255 1859; x_wconf 86' lang='lat' dir='ltr'><strong>poplite</strong></span> <span class='ocrx_word' id='word_1_204' title='bbox 279 1791 432 1834; x_wconf 85' lang='lat' dir='ltr'><strong>deinde</strong></span> <span class='ocrx_word' id='word_1_205' title='bbox 455 1799 592 1835; x_wconf 88' lang='lat' dir='ltr'><strong>tenus.</strong></span> <span class='ocrx_word' id='word_1_206' title='bbox 651 1806 790 1847; x_wconf 89' lang='lat' dir='ltr'><strong>neque</strong></span> <span class='ocrx_word' id='word_1_207' title='bbox 815 1807 865 1835; x_wconf 91' lang='lat' dir='ltr'><strong>eo</strong></span> <span class='ocrx_word' id='word_1_208' title='bbox 891 1800 1106 1844; x_wconf 86' lang='lat' dir='ltr'><strong>contenta,</strong></span> <span class='ocrx_word' id='word_1_209' title='bbox 1130 1793 1326 1850; x_wconf 86' lang='lat' dir='ltr'><strong>recingor</strong></span> 
     </span>
    </p>
   </div>
   <div class='ocr_carea' id='block_1_18' title="bbox 91 1848 1563 2418">
    <p class='ocr_par' dir='ltr' id='par_1_19' title="bbox 91 1848 1075 1905">
     <span class='ocr_line' id='line_1_32' title="bbox 91 1848 1075 1905; baseline 0 -13"><span class='ocrx_word' id='word_1_210' title='bbox 91 1848 358 1904; x_wconf 79' lang='lat' dir='ltr'><strong>molliaque</strong></span> <span class='ocrx_word' id='word_1_211' title='bbox 345 1862 519 1905; x_wconf 78' lang='lat' dir='ltr'><strong>impono</strong></span> <span class='ocrx_word' id='word_1_212' title='bbox 544 1849 661 1891; x_wconf 85' lang='lat' dir='ltr'><strong>salici</strong></span> <span class='ocrx_word' id='word_1_213' title='bbox 684 1849 896 1892; x_wconf 85' lang='lat' dir='ltr'><strong>velamina</strong></span> <span class='ocrx_word' id='word_1_214' title='bbox 920 1864 1075 1892; x_wconf 86' lang='lat' dir='ltr'><strong>curvae</strong></span> 
     </span>
    </p>

    <p class='ocr_par' dir='ltr' id='par_1_20' title="bbox 93 1905 1562 2018">
     <span class='ocr_line' id='line_1_33' title="bbox 93 1905 1562 1973; baseline 0.003 -25"><span class='ocrx_word' id='word_1_215' title='bbox 93 1905 296 1973; x_wconf 79' lang='lat' dir='ltr'><strong>nudaque</strong></span> <span class='ocrx_word' id='word_1_216' title='bbox 319 1919 491 1962; x_wconf 86' lang='lat' dir='ltr'><strong>mergor</strong></span> <span class='ocrx_word' id='word_1_217' title='bbox 513 1906 649 1962; x_wconf 84' lang='lat' dir='ltr'><strong>aquis.</strong></span> <span class='ocrx_word' id='word_1_218' title='bbox 707 1921 814 1961; x_wconf 88' lang='lat' dir='ltr'><strong>quas</strong></span> <span class='ocrx_word' id='word_1_219' title='bbox 838 1907 940 1948; x_wconf 88' lang='lat' dir='ltr'><strong>dum</strong></span> <span class='ocrx_word' id='word_1_220' title='bbox 965 1907 1157 1962; x_wconf 89' lang='lat' dir='ltr'><strong>ferioque</strong></span> <span class='ocrx_word' id='word_1_221' title='bbox 1182 1907 1389 1962; x_wconf 88' lang='lat' dir='ltr'><strong>trahoque</strong></span> <span class='ocrx_word' id='word_1_222' title='bbox 1495 1920 1562 1952; x_wconf 84' lang='grc'><strong>595</strong></span> 
     </span>
     <span class='ocr_line' id='line_1_34' title="bbox 94 1961 1217 2018; baseline 0.002 -14"><span class='ocrx_word' id='word_1_223' title='bbox 94 1961 210 2006; x_wconf 91' lang='lat' dir='ltr'><strong>mille</strong></span> <span class='ocrx_word' id='word_1_224' title='bbox 233 1962 371 2006; x_wconf 88' lang='lat' dir='ltr'><strong>modis</strong></span> <span class='ocrx_word' id='word_1_225' title='bbox 392 1962 561 2013; x_wconf 84' lang='lat' dir='ltr'><strong>labens,</strong></span> <span class='ocrx_word' id='word_1_226' title='bbox 585 1977 848 2018; x_wconf 84' lang='lat' dir='ltr'><strong>excussaque</strong></span> <span class='ocrx_word' id='word_1_227' title='bbox 873 1963 1070 2006; x_wconf 85' lang='lat' dir='ltr'><strong>bracchia</strong></span> <span class='ocrx_word' id='word_1_228' title='bbox 1093 1964 1217 2013; x_wconf 88' lang='lat' dir='ltr'><strong>iacto,</strong></span> 
     </span>
    </p>

    <p class='ocr_par' dir='ltr' id='par_1_21' title="bbox 93 2019 1206 2077">
     <span class='ocr_line' id='line_1_35' title="bbox 93 2019 1206 2077; baseline 0.001 -15"><span class='ocrx_word' id='word_1_229' title='bbox 93 2019 239 2063; x_wconf 88' lang='lat' dir='ltr'><strong>nescio</strong></span> <span class='ocrx_word' id='word_1_230' title='bbox 262 2019 378 2075; x_wconf 90' lang='lat' dir='ltr'><strong>quod</strong></span> <span class='ocrx_word' id='word_1_231' title='bbox 401 2019 541 2063; x_wconf 83' lang='lat' dir='ltr'><strong>medio</strong></span> <span class='ocrx_word' id='word_1_232' title='bbox 566 2020 680 2063; x_wconf 87' lang='lat' dir='ltr'><strong>sensi</strong></span> <span class='ocrx_word' id='word_1_233' title='bbox 703 2020 783 2062; x_wconf 92' lang='lat' dir='ltr'><strong>sub</strong></span> <span class='ocrx_word' id='word_1_234' title='bbox 806 2021 976 2077; x_wconf 87' lang='lat' dir='ltr'><strong>gurgite</strong></span> <span class='ocrx_word' id='word_1_235' title='bbox 1000 2036 1206 2071; x_wconf 89' lang='lat' dir='ltr'><strong>murmur,</strong></span> 
     </span>
    </p>

    <p class='ocr_par' dir='ltr' id='par_1_22' title="bbox 93 2075 1097 2152">
     <span class='ocr_line' id='line_1_36' title="bbox 93 2075 1097 2152; baseline 0.001 -33"><span class='ocrx_word' id='word_1_236' title='bbox 93 2075 325 2132; x_wconf 81' lang='lat' dir='ltr'><strong>territaque</strong></span> <span class='ocrx_word' id='word_1_237' title='bbox 347 2076 497 2119; x_wconf 88' lang='lat' dir='ltr'><strong>insisto</strong></span> <span class='ocrx_word' id='word_1_238' title='bbox 519 2077 728 2133; x_wconf 87' lang='lat' dir='ltr'><strong>propioris</strong></span> <span class='ocrx_word' id='word_1_239' title='bbox 751 2078 943 2152; x_wconf 84' lang='lat' dir='ltr'><strong>margine</strong></span> <span class='ocrx_word' id='word_1_240' title='bbox 966 2077 1097 2134; x_wconf 88' lang='lat' dir='ltr'><strong>ripae.</strong></span> 
     </span>
    </p>

    <p class='ocr_par' dir='ltr' id='par_1_23' title="bbox 94 2134 1563 2304">
     <span class='ocr_line' id='line_1_37' title="bbox 94 2134 1396 2200; baseline 0.002 -25"><span class='ocrx_word' id='word_1_241' title='bbox 94 2136 246 2188; x_wconf 81' lang='lat' dir='ltr'><strong>““quo</strong></span> <span class='ocrx_word' id='word_1_242' title='bbox 270 2148 492 2190; x_wconf 83' lang='lat' dir='ltr'><strong>properas,</strong></span> <span class='ocrx_word' id='word_1_243' title='bbox 517 2134 803 2176; x_wconf 84' lang='lat' dir='ltr'><strong>Arethusa?&#39;&#39;&#39;</strong></span> <span class='ocrx_word' id='word_1_244' title='bbox 844 2135 930 2177; x_wconf 90' lang='lat' dir='ltr'><strong>suis</strong></span> <span class='ocrx_word' id='word_1_245' title='bbox 955 2135 1151 2200; x_wconf 89' lang='lat' dir='ltr'><strong>Alpheus</strong></span> <span class='ocrx_word' id='word_1_246' title='bbox 1177 2135 1232 2177; x_wconf 87' lang='lat' dir='ltr'><strong>ab</strong></span> <span class='ocrx_word' id='word_1_247' title='bbox 1256 2135 1396 2186; x_wconf 88' lang='lat' dir='ltr'><strong>undis,</strong></span> 
     </span>
     <span class='ocr_line' id='line_1_38' title="bbox 94 2190 1563 2257; baseline 0.004 -25"><span class='ocrx_word' id='word_1_248' title='bbox 94 2193 245 2257; x_wconf 57' lang='lat' dir='ltr'><strong>“J‘quo</strong></span> <span class='ocrx_word' id='word_1_249' title='bbox 268 2190 512 2247; x_wconf 59' lang='lat' dir='ltr'><strong>properas?</strong></span> <span class='ocrx_word' id='word_1_250' title='bbox 515 2190 554 2209; x_wconf 92' lang='lat'><strong>’&#39;&#39;</strong></span> <span class='ocrx_word' id='word_1_251' title='bbox 578 2191 731 2234; x_wconf 89' lang='lat' dir='ltr'><strong>iterum</strong></span> <span class='ocrx_word' id='word_1_252' title='bbox 753 2205 883 2234; x_wconf 90' lang='lat' dir='ltr'><strong>rauco</strong></span> <span class='ocrx_word' id='word_1_253' title='bbox 906 2191 1011 2234; x_wconf 91' lang='lat' dir='ltr'><strong>mihi</strong></span> <span class='ocrx_word' id='word_1_254' title='bbox 1034 2191 1199 2234; x_wconf 84' lang='lat' dir='ltr'><strong>dixerat</strong></span> <span class='ocrx_word' id='word_1_255' title='bbox 1221 2206 1307 2235; x_wconf 88' lang='lat' dir='ltr'><strong>ore.</strong></span> <span class='ocrx_word' id='word_1_256' title='bbox 1495 2206 1563 2238; x_wconf 84' lang='lat'><strong>600</strong></span> 
     </span>
     <span class='ocr_line' id='line_1_39' title="bbox 96 2246 1205 2304; baseline 0.001 -14"><span class='ocrx_word' id='word_1_257' title='bbox 96 2246 207 2290; x_wconf 83' lang='lat' dir='ltr'><strong>sicut</strong></span> <span class='ocrx_word' id='word_1_258' title='bbox 229 2261 365 2297; x_wconf 85' lang='lat' dir='ltr'><strong>eram,</strong></span> <span class='ocrx_word' id='word_1_259' title='bbox 389 2246 510 2304; x_wconf 87' lang='lat' dir='ltr'><strong>fugio</strong></span> <span class='ocrx_word' id='word_1_260' title='bbox 534 2247 624 2290; x_wconf 84' lang='lat' dir='ltr'><strong>sine</strong></span> <span class='ocrx_word' id='word_1_261' title='bbox 648 2248 852 2291; x_wconf 88' lang='lat' dir='ltr'><strong>vestibus.</strong></span> <span class='ocrx_word' id='word_1_262' title='bbox 911 2249 1044 2291; x_wconf 88' lang='lat' dir='ltr'><strong>altera</strong></span> <span class='ocrx_word' id='word_1_263' title='bbox 1067 2256 1205 2291; x_wconf 91' lang='lat' dir='ltr'><strong>vestes</strong></span> 
     </span>
    </p>

    <p class='ocr_par' dir='ltr' id='par_1_24' title="bbox 93 2303 1224 2371">
     <span class='ocr_line' id='line_1_40' title="bbox 93 2303 1224 2371; baseline 0.001 -25"><span class='ocrx_word' id='word_1_264' title='bbox 93 2303 190 2361; x_wconf 86' lang='lat' dir='ltr'><strong>ripa</strong></span> <span class='ocrx_word' id='word_1_265' title='bbox 211 2318 328 2346; x_wconf 87' lang='lat' dir='ltr'><strong>meas</strong></span> <span class='ocrx_word' id='word_1_266' title='bbox 351 2303 557 2347; x_wconf 80' lang='lat' dir='ltr'><strong>habuit.-</strong></span> <span class='ocrx_word' id='word_1_267' title='bbox 551 2312 690 2371; x_wconf 80' lang='lat' dir='ltr'><strong>·tanto</strong></span> <span class='ocrx_word' id='word_1_268' title='bbox 712 2305 849 2361; x_wconf 88' lang='lat' dir='ltr'><strong>magis</strong></span> <span class='ocrx_word' id='word_1_269' title='bbox 872 2305 1002 2347; x_wconf 88' lang='lat' dir='ltr'><strong>instat</strong></span> <span class='ocrx_word' id='word_1_270' title='bbox 1025 2314 1067 2348; x_wconf 91' lang='lat' dir='ltr'><strong>et</strong></span> <span class='ocrx_word' id='word_1_271' title='bbox 1091 2306 1224 2357; x_wconf 85' lang='lat' dir='ltr'><strong>ardet,</strong></span> 
     </span>
    </p>

    <p class='ocr_par' dir='ltr' id='par_1_25' title="bbox 93 2360 1047 2418">
     <span class='ocr_line' id='line_1_41' title="bbox 93 2360 1047 2418; baseline 0.001 -15"><span class='ocrx_word' id='word_1_272' title='bbox 93 2367 140 2404; x_wconf 84' lang='lat' dir='ltr'><strong>et</strong></span> <span class='ocrx_word' id='word_1_273' title='bbox 163 2374 266 2416; x_wconf 85' lang='lat' dir='ltr'><strong>qma</strong></span> <span class='ocrx_word' id='word_1_274' title='bbox 286 2360 404 2403; x_wconf 87' lang='lat' dir='ltr'><strong>nuda</strong></span> <span class='ocrx_word' id='word_1_275' title='bbox 425 2360 508 2412; x_wconf 86' lang='lat' dir='ltr'><strong>fui,</strong></span> <span class='ocrx_word' id='word_1_276' title='bbox 533 2376 627 2403; x_wconf 90' lang='lat' dir='ltr'><strong>sum</strong></span> <span class='ocrx_word' id='word_1_277' title='bbox 649 2361 742 2404; x_wconf 88' lang='lat' dir='ltr'><strong>visa</strong></span> <span class='ocrx_word' id='word_1_278' title='bbox 764 2362 951 2418; x_wconf 89' lang='lat' dir='ltr'><strong>paratior</strong></span> <span class='ocrx_word' id='word_1_279' title='bbox 967 2362 1047 2404; x_wconf 85' lang='lat' dir='ltr'><strong>illi.</strong></span> 
     </span>
    </p>
   </div>
   <div class='ocr_carea' id='block_1_19' title="bbox 29 2416 1194 2475">
    <p class='ocr_par' dir='ltr' id='par_1_26' title="bbox 29 2416 1194 2475">
     <span class='ocr_line' id='line_1_42' title="bbox 29 2416 1194 2475; baseline 0.002 -15"><span class='ocrx_word' id='word_1_280' title='bbox 29 2436 32 2437; x_wconf 45' lang='lat'><em>⁷</em></span> <span class='ocrx_word' id='word_1_281' title='bbox 94 2416 159 2460; x_wconf 85' lang='lat' dir='ltr'><strong>sic</strong></span> <span class='ocrx_word' id='word_1_282' title='bbox 181 2431 263 2474; x_wconf 89' lang='lat' dir='ltr'><strong>ego</strong></span> <span class='ocrx_word' id='word_1_283' title='bbox 287 2418 528 2467; x_wconf 88' lang='lat' dir='ltr'><strong>currebam,</strong></span> <span class='ocrx_word' id='word_1_284' title='bbox 554 2418 614 2460; x_wconf 88' lang='lat' dir='ltr'><strong>sic</strong></span> <span class='ocrx_word' id='word_1_285' title='bbox 638 2433 706 2461; x_wconf 90' lang='lat' dir='ltr'><strong>me</strong></span> <span class='ocrx_word' id='word_1_286' title='bbox 730 2418 846 2461; x_wconf 89' lang='lat' dir='ltr'><strong>ferus</strong></span> <span class='ocrx_word' id='word_1_287' title='bbox 869 2419 939 2462; x_wconf 91' lang='lat' dir='ltr'><strong>ille</strong></span> <span class='ocrx_word' id='word_1_288' title='bbox 962 2419 1194 2475; x_wconf 91' lang='lat' dir='ltr'><strong>premebat,</strong></span> 
     </span>
    </p>
   </div>
   <div class='ocr_carea' id='block_1_20' title="bbox 95 2473 1562 2817">
    <p class='ocr_par' dir='ltr' id='par_1_27' title="bbox 96 2473 1562 2587">
     <span class='ocr_line' id='line_1_43' title="bbox 96 2473 1562 2531; baseline 0.003 -15"><span class='ocrx_word' id='word_1_289' title='bbox 96 2481 144 2517; x_wconf 87' lang='lat' dir='ltr'><strong>ut</strong></span> <span class='ocrx_word' id='word_1_290' title='bbox 167 2473 216 2516; x_wconf 90' lang='lat' dir='ltr'><strong>fu</strong></span> <span class='ocrx_word' id='word_1_291' title='bbox 248 2489 319 2517; x_wconf 90' lang='lat' dir='ltr'><strong>ere</strong></span> <span class='ocrx_word' id='word_1_292' title='bbox 342 2474 585 2530; x_wconf 88' lang='lat' dir='ltr'><strong>accipitrem</strong></span> <span class='ocrx_word' id='word_1_293' title='bbox 608 2489 750 2530; x_wconf 89' lang='lat' dir='ltr'><strong>penna</strong></span> <span class='ocrx_word' id='word_1_294' title='bbox 773 2475 1009 2531; x_wconf 89' lang='lat' dir='ltr'><strong>trepidante</strong></span> <span class='ocrx_word' id='word_1_295' title='bbox 1033 2477 1269 2528; x_wconf 88' lang='lat' dir='ltr'><strong>colum-bae,</strong></span> <span class='ocrx_word' id='word_1_296' title='bbox 1495 2492 1562 2526; x_wconf 83' lang='lat'><strong>605</strong></span> 
     </span>
     <span class='ocr_line' id='line_1_44' title="bbox 97 2531 1142 2588; baseline 0.001 -14"><span class='ocrx_word' id='word_1_297' title='bbox 97 2538 147 2574; x_wconf 88' lang='lat' dir='ltr'><strong>ut</strong></span> <span class='ocrx_word' id='word_1_298' title='bbox 169 2545 217 2574; x_wconf 86' lang='lat' dir='ltr'><strong>so</strong></span> <span class='ocrx_word' id='word_1_299' title='bbox 234 2538 277 2574; x_wconf 89' lang='lat' dir='ltr'><strong>et</strong></span> <span class='ocrx_word' id='word_1_300' title='bbox 300 2545 390 2574; x_wconf 81' lang='lat' dir='ltr'><strong>acci</strong></span> <span class='ocrx_word' id='word_1_301' title='bbox 421 2531 500 2574; x_wconf 89' lang='lat' dir='ltr'><strong>iter</strong></span> <span class='ocrx_word' id='word_1_302' title='bbox 522 2531 709 2587; x_wconf 88' lang='lat' dir='ltr'><strong>trepidas</strong></span> <span class='ocrx_word' id='word_1_303' title='bbox 732 2547 886 2588; x_wconf 89' lang='lat' dir='ltr'><strong>urgere</strong></span> <span class='ocrx_word' id='word_1_304' title='bbox 910 2533 1142 2575; x_wconf 87' lang='lat' dir='ltr'><strong>columbas.</strong></span> 
     </span>
    </p>

    <p class='ocr_par' dir='ltr' id='par_1_28' title="bbox 97 2568 1388 2746">
     <span class='ocr_line' id='line_1_45' title="bbox 97 2568 1314 2646; baseline 0.002 -15"><span class='ocrx_word' id='word_1_305' title='bbox 97 2601 236 2643; x_wconf 86' lang='lat' dir='ltr'><strong>usque</strong></span> <span class='ocrx_word' id='word_1_306' title='bbox 259 2587 341 2630; x_wconf 90' lang='lat' dir='ltr'><strong>sub</strong></span> <span class='ocrx_word' id='word_1_307' title='bbox 411 2587 669 2630; x_wconf 90' lang='lat' dir='ltr'><strong>rchomenon</strong></span> <span class='ocrx_word' id='word_1_308' title='bbox 692 2568 995 2644; x_wconf 86' lang='lat' dir='ltr'><strong>Psophidaque</strong></span> <span class='ocrx_word' id='word_1_309' title='bbox 1021 2588 1314 2646; x_wconf 86' lang='lat' dir='ltr'><strong>Cyllenenque</strong></span> 
     </span>
     <span class='ocr_line' id='line_1_46' title="bbox 97 2643 1388 2702; baseline 0.002 -14"><span class='ocrx_word' id='word_1_310' title='bbox 97 2643 424 2699; x_wconf 81' lang='lat' dir='ltr'><strong>Maenaliosque</strong></span> <span class='ocrx_word' id='word_1_311' title='bbox 447 2644 565 2687; x_wconf 88' lang='lat' dir='ltr'><strong>sinus</strong></span> <span class='ocrx_word' id='word_1_312' title='bbox 588 2645 862 2701; x_wconf 89' lang='lat' dir='ltr'><strong>gelidumque</strong></span> <span class='ocrx_word' id='word_1_313' title='bbox 885 2645 1182 2702; x_wconf 84' lang='lat' dir='ltr'><strong>Erymanthon</strong></span> <span class='ocrx_word' id='word_1_314' title='bbox 1206 2659 1248 2691; x_wconf 92' lang='lat' dir='ltr'><strong>et</strong></span> <span class='ocrx_word' id='word_1_315' title='bbox 1273 2648 1388 2691; x_wconf 90' lang='lat' dir='ltr'><strong>Elim</strong></span> 
     </span>
     <span class='ocr_line' id='line_1_47' title="bbox 97 2701 1027 2746; baseline 0.002 -2"><span class='ocrx_word' id='word_1_316' title='bbox 97 2715 267 2744; x_wconf 81' lang='lat' dir='ltr'><strong>currere</strong></span> <span class='ocrx_word' id='word_1_317' title='bbox 291 2701 487 2744; x_wconf 84' lang='lat' dir='ltr'><strong>sustinui.</strong></span> <span class='ocrx_word' id='word_1_318' title='bbox 545 2716 625 2744; x_wconf 93' lang='lat' dir='ltr'><strong>nec</strong></span> <span class='ocrx_word' id='word_1_319' title='bbox 647 2717 716 2744; x_wconf 91' lang='lat' dir='ltr'><strong>me</strong></span> <span class='ocrx_word' id='word_1_320' title='bbox 740 2703 923 2745; x_wconf 91' lang='lat' dir='ltr'><strong>velocior</strong></span> <span class='ocrx_word' id='word_1_321' title='bbox 945 2704 1027 2746; x_wconf 91' lang='lat' dir='ltr'><strong>ille.</strong></span> 
     </span>
    </p>

    <p class='ocr_par' dir='ltr' id='par_1_29' title="bbox 95 2757 1562 2817">
     <span class='ocr_line' id='line_1_48' title="bbox 95 2757 1562 2817; baseline 0.003 -17"><span class='ocrx_word' id='word_1_322' title='bbox 95 2757 174 2801; x_wconf 82' lang='lat' dir='ltr'><strong>sed</strong></span> <span class='ocrx_word' id='word_1_323' title='bbox 197 2758 376 2802; x_wconf 90' lang='lat' dir='ltr'><strong>tolerare</strong></span> <span class='ocrx_word' id='word_1_324' title='bbox 400 2757 474 2801; x_wconf 86' lang='lat' dir='ltr'><strong>diu</strong></span> <span class='ocrx_word' id='word_1_325' title='bbox 497 2773 645 2802; x_wconf 89' lang='lat' dir='ltr'><strong>cursus</strong></span> <span class='ocrx_word' id='word_1_326' title='bbox 669 2773 750 2816; x_wconf 89' lang='lat' dir='ltr'><strong>ego</strong></span> <span class='ocrx_word' id='word_1_327' title='bbox 777 2759 970 2803; x_wconf 88' lang='lat' dir='ltr'><strong>viribus</strong></span> <span class='ocrx_word' id='word_1_328' title='bbox 959 2775 1096 2817; x_wconf 79' lang='lat' dir='ltr'><strong>impar</strong></span> <span class='ocrx_word' id='word_1_329' title='bbox 1494 2778 1562 2810; x_wconf 82' lang='lat'><strong>610</strong></span> 
     </span>
    </p>
   </div>
  </div>
 </body>
</html>
