1786 3242
373 267 458 310 230
820 273 864 310 Ρ.
890 274 1056 312 OVIDII
1079 274 1296 312 NASONIS

282 370 347 401 735
373 357 428 398 ad
451 355 590 412 pelagi
614 354 841 411 nymphaei,
865 355 1006 411 pelagi
1030 355 1268 410 gratissima
1290 355 1502 412 nymphis,

371 412 460 454 ibat
484 419 525 454 et
549 412 686 454 elusos
710 411 910 453 iuvenum
933 411 1131 453 narrabat
1153 425 1330 454 amores.

372 482 515 522 quam,
540 467 642 508 dum
666 466 894 523 pectendos
918 467 1092 522 praebet
1116 465 1298 510 Galatea
1321 468 1519 525 capillos,

371 524 524 565 talibus
549 523 774 577 alloquitur
796 522 982 565 referens
1007 523 1187 579 suspiria
1211 523 1350 566 dictis:

373 585 433 622 ‘te
457 587 617 629 tamen,
643 593 668 621 o
693 579 827 634 virgo,
851 593 986 635 genus
1009 579 1124 621 haud
1147 579 1307 623 immite
1331 579 1516 623 virorum

283 649 347 680 740
373 636 548 691 expetit3
572 642 703 690 utque
726 635 831 678 facis
839 667 851 686 ,
875 642 994 691 potes
1017 635 1084 677 his
1106 635 1279 691 impune
1302 650 1472 692 negare.

372 701 415 734 at
438 692 560 741 mihi,
583 692 652 735 cui
675 699 795 747 pater
818 698 881 734 est
903 692 1087 742 Nereus,
1111 706 1239 747 quam
1263 693 1431 736 caerula
1452 692 1583 738 Doris

373 748 496 791 enixa
521 755 601 797 est,
626 762 735 803 quae
760 763 854 790 sum
878 748 1001 790 turba
1025 761 1193 803 quoque
1217 755 1308 791 tuta
1331 763 1535 801 sororum,

371 819 457 846 non
480 804 561 846 nisi
584 819 660 860 per
682 805 821 846 luctus
845 804 963 846 licuit
988 802 1187 860 Cyclopis
1211 818 1398 847 amorem

372 861 586 916 effugere!
645 868 685 903 et
708 859 906 903 lacrimae
930 874 1078 903 vocem
1101 860 1329 916 impediere
1351 861 1574 917 loquentis.

284 929 348 960 745
372 931 478 972 quas
502 917 577 959 ubi
599 931 835 959 marmoreo
860 917 1031 960 detersit
1054 917 1205 972 pollice
1228 918 1348 973 virgo

372 982 414 1016 et
437 973 570 1015 solata
593 973 716 1016 deam
741 981 823 1024 est,
849 973 992 1023 ‘refer,
1017 987 1042 1015 o
1067 973 1307 1024 carissima,'
1333 973 1440 1016 dixit

372 1034 498 1071 ‘neve
523 1029 584 1071 tui
608 1044 780 1072 causam
803 1037 899 1085 tege
923 1028 1038 1084 (sum
1061 1029 1137 1071 tibi
1160 1030 1265 1086 fida)
1284 1029 1472 1073 doloris?

370 1085 519 1128 Nereis
544 1086 608 1127 his
634 1093 778 1128 contra
800 1093 992 1129 resecuta
1017 1084 1241 1129 Crataeide
1264 1093 1408 1129 natam
1431 1093 1513 1129 est:

372 1141 490 1184 ‘Acis
515 1149 622 1191 erat,
645 1142 796 1184 Fauno
819 1142 1089 1198 nymphaque
1110 1141 1384 1198 Symaethide
1408 1150 1562 1195 cretus,
1613 1154 1734 1199 (Λαίς.)

283 1209 349 1240 750
372 1212 528 1253 magna
552 1198 721 1251 quidem
746 1199 960 1253 patrisque
985 1198 1050 1241 sui
1073 1199 1303 1254 matrisque
1326 1199 1536 1254 voluptas,

371 1262 514 1296 nostra
537 1261 678 1296 tamen
701 1254 852 1296 maior:
877 1270 975 1296 nam
999 1269 1067 1298 me
1090 1254 1168 1297 sibi
1193 1255 1386 1299 iunxerat
1408 1255 1495 1305 uni,

370 1309 546 1366 pulcher
568 1317 611 1353 et
634 1310 794 1352 octonis
817 1310 968 1352 iterum
991 1310 1203 1354 natalibus
1227 1312 1330 1354 actis

373 1366 559 1422 signarat
582 1374 746 1409 teneras
771 1366 900 1408 dubia
922 1367 1122 1423 lanugine
1146 1368 1291 1410 malas.

371 1422 485 1464 hunc
509 1436 604 1479 ego,
628 1437 695 1465 me
721 1420 907 1478 Cyclops
930 1423 1046 1465 nulla
1069 1438 1165 1465 oum
1189 1424 1272 1467 fine
1295 1424 1484 1480 petebat=

283 1490 348 1522 755
372 1493 468 1528 nec,
493 1478 529 1521 si
552 1479 800 1533 quaesieris,
824 1479 968 1521 odium
994 1477 1194 1535 Cyclopis
1218 1494 1389 1524 amorne

372 1534 521 1577 Acidis
545 1535 588 1576 in
612 1535 734 1577 nobis
758 1535 885 1578 fuerit
907 1536 1180 1591 praesentior,
1204 1536 1345 1579 edam:

371 1607 449 1647 par
471 1598 697 1646 utrumque
722 1591 814 1634 fuit.
873 1607 949 1647 pro
974 1599 1133 1647 quanta
1155 1593 1343 1648 potentia
1365 1593 1486 1649 regni

372 1655 453 1698 est,
477 1648 625 1691 Venus
650 1649 780 1698 alma,
805 1648 885 1690 tui!
910 1663 1062 1704 nempe
1085 1648 1155 1691 ille
1178 1648 1351 1692 immitis
1375 1656 1416 1692 et
1439 1649 1541 1706 ipsis

372 1703 604 1746 horrendus
629 1704 745 1746 silvis
769 1711 812 1748 et
834 1705 947 1746 visus
972 1705 1027 1747 ab
1051 1704 1215 1761 hospite
1238 1706 1355 1748 nullo

284 1771 349 1803 760
371 1760 545 1815 impune
569 1767 611 1803 et
634 1761 778 1816 magni
802 1775 899 1802 cum
923 1761 987 1802 dis
1012 1768 1276 1817 contemptor
1300 1760 1489 1818 Olympi,

372 1817 475 1871 quid
500 1817 553 1858 sit
576 1831 706 1867 amor,
732 1817 877 1867 sensit,
903 1817 1126 1871 validaque
1150 1818 1346 1873 cupidine
1370 1826 1517 1874 captus

372 1873 520 1922 uritur,
546 1873 700 1914 oblitus
724 1887 923 1927 pecorum
948 1881 1246 1928 antrorumque
1271 1889 1454 1916 suorum.

371 1929 541 1983 iamque
565 1929 642 1970 tibi
665 1928 844 1979 formae,
866 1929 1037 1983 iamque
1061 1936 1124 1972 est
1147 1930 1223 1972 tibi
1247 1945 1349 1972 cura
1370 1931 1579 1986 placendi,

372 1985 457 2026 iam
481 1985 639 2040 rigidos
663 1985 794 2040 pectis
818 1986 975 2034 rastris,
1000 1985 1282 2041 Polypheme,
1307 1986 1492 2042 capillos,

287 2053 348 2084 765
372 2041 457 2082 iam
480 2040 582 2083 libet
606 2041 810 2083 hirsutam
834 2041 910 2083 tibi
933 2041 1042 2084 falce
1066 2042 1252 2085 recidere
1275 2043 1466 2093 barbam,

373 2105 414 2140 et
438 2104 627 2152 spectare
651 2097 762 2140 feros
788 2098 831 2139 in
855 2112 966 2152 aqua
989 2105 1032 2140 et
1055 2112 1304 2154 componere
1328 2100 1481 2142 vultus.

373 2154 513 2196 caedis
537 2168 654 2195 amor
677 2154 905 2208 feritasque
929 2154 1103 2209 sitisque
1126 2155 1331 2198 immensa
1354 2156 1512 2199 cruoris

373 2217 557 2260 cessant,
582 2217 624 2252 et
648 2217 763 2252 tutae
787 2210 1044 2265 veniuntque
1069 2211 1308 2266 abeuntque
1331 2211 1512 2255 carinae.

371 2266 571 2308 Telemus
594 2267 755 2308 interea
780 2265 967 2309 Siculam
992 2267 1155 2309 delatus
1179 2268 1234 2310 ad
1257 2268 1439 2318 Aetnen,

283 2334 348 2365 770
372 2322 571 2365 Telemus
596 2322 871 2378 Eurymides,
896 2337 1023 2378 quem
1046 2324 1163 2366 nulla
1185 2324 1349 2367 fellerat
1371 2324 1472 2374 ales,

371 2378 600 2421 terribilem
624 2379 917 2434 Polyphemon
942 2380 1029 2421 adit
1053 2380 1359 2435 “lumen’'que‚
1384 2381 1532 2435 “quod
1555 2396 1688 2424 unum

370 2435 509 2478 fronte
533 2436 644 2491 geris
670 2436 828 2486 media,
853 2436 988 2491 rapiet
1011 2435 1119 2478 tibi’'
1145 2436 1250 2479 dixit
1275 2436 1499 2480 “Ulixes.''

370 2492 460 2533 risit
484 2499 525 2534 et
549 2496 607 2533 “o
631 2499 775 2534 vatum
800 2492 1084 2543 stolidissime,
1109 2492 1297 2535 falleris'’
1321 2493 1477 2548 inquit:

372 2548 537 2590 “altera
560 2548 645 2590 iam
668 2548 848 2603 rapuit.''
907 2549 967 2590 sic
990 2548 1146 2591 frustra
1170 2564 1270 2592 vera
1292 2558 1531 2595 monentem

282 2616 345 2648 775
371 2604 530 2659 spernit
553 2613 595 2646 et
619 2612 692 2646 aut
714 2604 912 2660 gradiens
935 2604 1242 2660 ingentilitora
1265 2620 1395 2661 passu

371 2660 574 2715 degravat
598 2669 671 2703 aut
693 2661 830 2703 fessus
855 2661 935 2703 sub
959 2675 1093 2717 opaca
1115 2661 1338 2706 revertitur
1360 2670 1492 2705 antra.

370 2716 578 2771 prominet
600 2717 643 2758 in
667 2724 843 2772 pontum
868 2725 1071 2760 cuneatus
1096 2718 1289 2761 acumine
1311 2719 1438 2774 longo

371 2772 507 2815 collis:
532 2780 758 2828 utrumque
782 2774 891 2816 latus
917 2774 1168 2818 circumfluit
1191 2774 1383 2831 aequoris
1408 2774 1534 2818 unda.
