1774 3256
315 250 374 293 44
762 255 806 293 P.
832 254 998 292 OVIDII
1020 253 1237 290 NASONIS

319 347 361 382 et
383 338 515 381 niveis
540 338 717 381 Leucon
742 345 783 379 et
807 335 915 378 villis
939 335 1127 377 Asbolus
1152 335 1252 377 atris

318 395 669 452 praevalidusque
693 393 841 435 Lacon
865 400 907 434 et
931 406 1058 433 cursu
1081 390 1200 433 fortis
1223 390 1349 433 Aello

196 485 197 488 ,
231 466 297 498 220
322 460 364 495 et
386 451 533 493 Thous
558 458 600 492 et
624 448 784 505 Cyprio
808 449 932 491 velox
957 462 1054 490 cum
1076 447 1205 490 fratre
1229 446 1424 503 Lycisce,

322 516 364 550 et
386 507 552 562 nigram
575 506 714 548 medio
737 505 919 548 frontem
943 504 1164 546 distinctus
1188 504 1242 545 ab
1266 503 1362 546 albo

321 564 534 619 Harpalos
558 570 600 605 et
622 562 847 605 Melaneus
870 561 1116 615 hirsutaque
1141 574 1314 616 corpore
1337 558 1528 610 Lachne,

323 629 365 663 et
388 627 506 675 patre
529 618 728 668 Dictaeo,
754 619 829 661 sed
852 625 985 660 matre
1008 617 1226 659 Laconide
1249 616 1335 658 nati

291 699 295 704 ¹
322 676 490 718 Labros
514 684 555 718 et
578 675 811 730 Agriodos,
836 682 877 717 et
901 681 1050 717 acutae
1073 674 1188 716 vocis
1212 673 1433 728 Hylactor,

234 746 299 777 225
326 747 517 788 quosque
541 732 697 775 referre
726 746 844 774 mora
868 739 942 774 est.
1003 746 1053 773 ea
1076 730 1200 772 turba
1223 729 1420 785 cupidine
1443 727 1629 784 praedae

323 804 400 845 per
422 803 548 844 rupes
573 789 849 844 scopulosque
875 788 1074 841 adituque
1099 786 1284 829 carentia
1307 800 1422 834 saxa,
1684 787 1686 790 ’

325 860 494 900 quaque
519 852 583 887 est
607 845 787 886 difficilis
812 858 981 898 quaque
1006 851 1069 886 est
1092 843 1162 885 via
1184 843 1301 885 nulla
1323 848 1570 896 sequuntur.

325 902 395 944 ille
418 901 528 956 fugit
551 916 626 956 per
650 915 758 955 quae
782 900 921 943 fuerat
942 900 1035 942 loca
1059 914 1183 955 saepe
1207 905 1390 942 secutus.

292 980 296 982 -
325 958 428 1008 heu,
452 958 634 999 famulos
658 957 767 1013 fugit
790 958 880 1012 ipse
905 956 1020 998 suos!
1046 957 1228 998 clamare
1249 954 1409 998 libebat

238 1026 303 1059 230
327 1015 534 1056 ‘Actaeon
558 1028 637 1069 ego
663 1029 774 1063 sum,
799 1013 1015 1055 dominum
1040 1012 1280 1065 cognoscite
1304 1009 1544 1053 vestrum1”

327 1071 458 1113 verba
481 1070 620 1111 animo
645 1070 814 1112 desunt:
839 1077 1008 1112 resonat
1030 1068 1249 1110 latratibus
1274 1066 1431 1110 aether.

327 1127 464 1182 prima
485 1126 802 1168 Melanchaetes
825 1126 870 1167 in
893 1134 1013 1181 tergo
1036 1125 1211 1167 vulnera
1234 1124 1348 1175 fecit,
1737 1155 1739 1158 .

327 1183 521 1239 proxima
543 1182 838 1224 Theridamas:
865 1180 1165 1237 Oresitrophus
1190 1180 1326 1223 haesit
1347 1179 1392 1222 in
1415 1192 1547 1222 armo.
1711 1193 1748 1233 3·

329 1239 489 1281 tardius
514 1239 719 1287 exierant,
745 1239 819 1280 sed
843 1253 918 1293 per
942 1237 1190 1293 compendia
1213 1236 1368 1279 montis
1727 1235 1751 1262 ¹·

240 1307 305 1339 235
330 1295 557 1350 anticipata
580 1295 649 1337 via
672 1302 748 1337 est.
808 1294 1024 1336 dominum
1047 1293 1322 1336 retinentibus
1345 1292 1428 1335 illis

331 1358 470 1394 cetera
493 1351 617 1393 turba
641 1351 724 1393 coit
747 1351 990 1405 confertque
1013 1351 1058 1392 in
1082 1364 1255 1406 corpore
1279 1349 1438 1392 dentes.

331 1409 416 1449 iam
438 1407 533 1449 loca
556 1407 800 1449 vulneribus
825 1408 989 1449 desunt.
1047 1406 1176 1462 gemit
1201 1406 1290 1456 ille,
1314 1419 1566 1460 sonumque,

332 1464 409 1507 etsi
432 1478 517 1505 non
540 1463 738 1513 hominis,
763 1478 889 1517 quem
913 1478 998 1505 non
1021 1470 1162 1505 tamen
1186 1462 1309 1506 edere
1331 1462 1464 1519 possit

333 1535 502 1570 cervus,
527 1520 654 1562 habet
678 1520 932 1574 maestisque
955 1520 1089 1575 replet
1111 1520 1214 1575 iuga
1235 1526 1336 1561 nota
1358 1517 1560 1573 querelis;

243 1589 309 1619 240
334 1585 373 1619 et
398 1576 578 1632 genibus
604 1577 744 1632 pronis
770 1577 949 1632 supplex
973 1576 1202 1630 similisque
1226 1575 1393 1631 roganti

334 1632 574 1675 circumfert
598 1633 744 1675 tacitos
769 1641 984 1686 tamquam
1009 1648 1086 1674 sua
1108 1632 1305 1674 bracchia
1327 1631 1482 1674 vultus.

334 1697 376 1731 at
401 1689 572 1731 comites
597 1689 790 1744 rapidum
815 1689 944 1730 solitis
968 1689 1202 1731 hortatibus
1227 1703 1382 1744 agmen

333 1745 470 1801 ignari
493 1745 695 1801 instigant
719 1745 934 1799 oculisque
957 1745 1179 1787 Actaeona
1202 1743 1438 1799 quaeruntl

334 1810 376 1844 et
399 1802 515 1843 velut
538 1801 753 1844 absentem
778 1802 968 1843 certatim
990 1802 1211 1843 Actaeona
1235 1801 1418 1843 clamant
1433 1824 1495 1832 -—

244 1870 308 1900 245
334 1858 389 1900 ad
412 1872 566 1899 nomen
590 1866 717 1913 caput
739 1858 808 1900 ille
831 1858 959 1900 refert
981 1881 1038 1887 —
1062 1865 1103 1900 et
1127 1857 1274 1900 abesse
1297 1864 1554 1912 queruntur,⁸

335 1928 413 1956 nec
438 1928 587 1969 capere
612 1914 776 1956 oblatae
801 1929 974 1969 segnem
998 1913 1236 1969 spectacula
1259 1913 1452 1969 praedae.

335 1970 462 2013 vellet
485 1971 631 2012 abesse
655 1970 845 2024 quidem3
871 1971 944 2012 sed
969 1970 1098 2012 adest.
1158 1970 1366 2024 velletque
1388 1969 1546 2020 videre,

336 2041 421 2068 non
445 2027 571 2068 etiam
597 2026 768 2076 sentire,
794 2041 946 2068 canum
970 2026 1060 2068 fera
1083 2026 1195 2068 facta
1219 2040 1403 2068 suorum.

337 2083 523 2137 undique
548 2082 836 2132 circumstant,
860 2083 1090 2137 mersisque
1113 2083 1156 2124 in
1182 2096 1354 2138 corpore
1378 2081 1522 2125 rostris

247 2150 313 2182 250
339 2139 567 2181 dilacerant
591 2138 686 2180 falsi
711 2139 926 2180 dominum
952 2140 1031 2180 sub
1054 2139 1237 2195 imagine
1262 2138 1387 2181 cervi.

339 2194 435 2251 [nec
458 2195 538 2236 nisi
561 2195 679 2237 finita
701 2210 777 2250 per
800 2196 980 2251 plurima
1003 2196 1177 2238 vulnera
1199 2195 1287 2237 vita

334 2252 397 2293 ira
421 2251 685 2306 pharetratae
709 2252 843 2294 fertur
866 2252 1017 2294 satiata
1039 2250 1240 2307 Dianae.]
1746 2300 1749 2301 ⁷

391 2307 554 2350 Rumor
577 2308 621 2349 in
644 2308 844 2363 ambiguo
869 2316 944 2350 est.
982 2308 1072 2350 aliis
1095 2307 1315 2350 violentior
1338 2321 1474 2363 aequo
1546 2318 1692 2354 Semele.
1750 2315 1752 2318 ’

336 2363 426 2405 visa
450 2364 529 2405 dea
553 2372 635 2413 est,
660 2364 730 2406 alii
753 2365 928 2406 laudant
951 2364 1207 2420 dignamque
1231 2379 1377 2407 severa

245 2433 310 2464 255
335 2420 574 2475 virginitate
598 2428 763 2462 vocant.
821 2436 918 2476 pars
942 2421 1101 2463 invenit
1123 2429 1301 2476 utraque
1326 2435 1488 2464 causas.

337 2477 426 2518 sola
449 2477 564 2518 Iovis
589 2477 771 2519 coniunx
795 2492 879 2519 non
903 2484 989 2519 tam
1013 2478 1206 2533 culpetne
1229 2476 1433 2533 probetne

336 2532 556 2586 eloquitur,
581 2547 709 2587 quam
733 2534 852 2576 clade
876 2534 1026 2575 domus
1050 2534 1104 2575 ab
1127 2534 1327 2589 Agenore
1351 2533 1501 2576 duct-ae

334 2589 512 2642 gaudet,
537 2597 578 2631 et
602 2605 627 2630 a
651 2589 781 2644 Tyria
805 2590 1026 2632 collectum
1050 2590 1212 2645 paelice
1236 2589 1436 2631 transfert

333 2643 377 2685 in
401 2645 566 2699 generis
592 2646 725 2687 socios
750 2646 905 2688 odium.
965 2646 1079 2688 subit
1101 2660 1197 2688 ecce
1220 2646 1349 2701 priori

243 2711 309 2743 260
334 2713 462 2742 causa
485 2715 650 2750 recens,
674 2702 977 2756 gravidamque
1001 2703 1113 2744 dolet
1138 2702 1190 2744 de
1214 2702 1372 2745 semine
1394 2701 1539 2757 magni

333 2771 424 2800 esse
447 2756 562 2799 Iovis
588 2756 796 2801 Semelen.
856 2758 956 2800 dum
980 2758 1168 2814 linguam
1192 2758 1246 2801 ad
1268 2758 1406 2814 iurgia
1429 2758 1566 2809 solvit,
