<?xml version="1.0" encoding="UTF-8"?>
<!DOCTYPE html PUBLIC "-//W3C//DTD XHTML 1.0 Transitional//EN"
    "http://www.w3.org/TR/xhtml1/DTD/xhtml1-transitional.dtd">
<html xmlns="http://www.w3.org/1999/xhtml" xml:lang="en" lang="en">
 <head>
  <title>
</title>
<meta http-equiv="Content-Type" content="text/html;charset=utf-8" />
  <meta name='ocr-system' content='tesseract 3.04.00' />
  <meta name='ocr-capabilities' content='ocr_page ocr_carea ocr_par ocr_line ocrx_word'/>
</head>
<body>
  <div class='ocr_page' id='page_1' title='image "./carminao02oviduoft_0257.png"; bbox 0 0 1786 3242; ppageno 0'>
   <div class='ocr_carea' id='block_1_1' title="bbox 363 228 1539 278">
    <p class='ocr_par' dir='ltr' id='par_1_1' title="bbox 363 228 1539 278">
     <span class='ocr_line' id='line_1_1' title="bbox 363 228 1539 278; baseline -0.004 -1"><span class='ocrx_word' id='word_1_1' title='bbox 363 239 858 278; x_wconf 73' lang='lat' dir='ltr'><strong>METAMORPHOSEON</strong></span> <span class='ocrx_word' id='word_1_2' title='bbox 880 240 978 277; x_wconf 80' lang='lat' dir='ltr'><strong>Lm.</strong></span> <span class='ocrx_word' id='word_1_3' title='bbox 1003 240 1112 276; x_wconf 83' lang='lat' dir='ltr'><strong>xm.</strong></span> <span class='ocrx_word' id='word_1_4' title='bbox 1137 239 1332 276; x_wconf 80' lang='lat'><strong>295-382.</strong></span> <span class='ocrx_word' id='word_1_5' title='bbox 1455 228 1539 275; x_wconf 83' lang='lat'><strong>221</strong></span> 
     </span>
    </p>
   </div>
   <div class='ocr_carea' id='block_1_2' title="bbox 10 321 1634 2823">
    <p class='ocr_par' dir='ltr' id='par_1_2' title="bbox 83 321 1236 379">
     <span class='ocr_line' id='line_1_2' title="bbox 83 321 1236 379; baseline -0.004 -11"><span class='ocrx_word' id='word_1_6' title='bbox 83 335 86 338; x_wconf 76' lang='grc'><em>’</em></span> <span class='ocrx_word' id='word_1_7' title='bbox 158 323 284 373; x_wconf 72' lang='lat' dir='ltr'><strong>fortis</strong></span> <span class='ocrx_word' id='word_1_8' title='bbox 305 321 383 367; x_wconf 88' lang='lat' dir='ltr'><strong>ubi</strong></span> <span class='ocrx_word' id='word_1_9' title='bbox 405 330 472 366; x_wconf 89' lang='lat' dir='ltr'><strong>est</strong></span> <span class='ocrx_word' id='word_1_10' title='bbox 493 322 634 365; x_wconf 78' lang='lat' dir='ltr'><strong>Aiax?</strong></span> <span class='ocrx_word' id='word_1_11' title='bbox 658 322 734 365; x_wconf 92' lang='lat' dir='ltr'><strong>ubi</strong></span> <span class='ocrx_word' id='word_1_12' title='bbox 757 330 856 365; x_wconf 90' lang='lat' dir='ltr'><strong>sunt</strong></span> <span class='ocrx_word' id='word_1_13' title='bbox 878 322 1067 379; x_wconf 86' lang='lat' dir='ltr'><strong>ingentia</strong></span> <span class='ocrx_word' id='word_1_14' title='bbox 1091 321 1236 377; x_wconf 89' lang='lat' dir='ltr'><strong>magni</strong></span> 
     </span>
    </p>

    <p class='ocr_par' dir='ltr' id='par_1_3' title="bbox 158 376 1634 426">
     <span class='ocr_line' id='line_1_3' title="bbox 158 376 1634 426; baseline -0.001 -2"><span class='ocrx_word' id='word_1_15' title='bbox 158 380 294 426; x_wconf 76' lang='lat' dir='ltr'><strong>verba</strong></span> <span class='ocrx_word' id='word_1_16' title='bbox 316 378 423 422; x_wconf 82' lang='lat' dir='ltr'><strong>viri?</strong></span> <span class='ocrx_word' id='word_1_17' title='bbox 446 394 523 422; x_wconf 90' lang='lat' dir='ltr'><strong>cur</strong></span> <span class='ocrx_word' id='word_1_18' title='bbox 545 378 615 422; x_wconf 91' lang='lat' dir='ltr'><strong>hic</strong></span> <span class='ocrx_word' id='word_1_19' title='bbox 638 379 818 422; x_wconf 81' lang='lat' dir='ltr'><strong>metuis?</strong></span> <span class='ocrx_word' id='word_1_20' title='bbox 842 393 918 422; x_wconf 89' lang='lat' dir='ltr'><strong>cur</strong></span> <span class='ocrx_word' id='word_1_21' title='bbox 941 378 1071 421; x_wconf 88' lang='lat' dir='ltr'><strong>audet</strong></span> <span class='ocrx_word' id='word_1_22' title='bbox 1092 376 1246 420; x_wconf 85' lang='lat' dir='ltr'>Ulixes</span> <span class='ocrx_word' id='word_1_23' title='bbox 1565 389 1634 422; x_wconf 81' lang='lat'><strong>340</strong></span> 
     </span>
    </p>

    <p class='ocr_par' dir='ltr' id='par_1_4' title="bbox 81 434 1121 494">
     <span class='ocr_line' id='line_1_4' title="bbox 81 434 1121 494; baseline -0.004 -13"><span class='ocrx_word' id='word_1_24' title='bbox 81 454 84 459; x_wconf 85' lang='lat'><em>·</em></span> <span class='ocrx_word' id='word_1_25' title='bbox 157 437 223 481; x_wconf 82' lang='lat' dir='ltr'><strong>ire</strong></span> <span class='ocrx_word' id='word_1_26' title='bbox 244 451 323 494; x_wconf 90' lang='lat' dir='ltr'><strong>per</strong></span> <span class='ocrx_word' id='word_1_27' title='bbox 345 435 548 479; x_wconf 81' lang='lat' dir='ltr'><strong>excubias</strong></span> <span class='ocrx_word' id='word_1_28' title='bbox 572 443 615 479; x_wconf 89' lang='lat' dir='ltr'><strong>et</strong></span> <span class='ocrx_word' id='word_1_29' title='bbox 639 451 684 479; x_wconf 90' lang='lat' dir='ltr'><strong>se</strong></span> <span class='ocrx_word' id='word_1_30' title='bbox 709 435 970 478; x_wconf 85' lang='lat' dir='ltr'><strong>committere</strong></span> <span class='ocrx_word' id='word_1_31' title='bbox 993 434 1121 485; x_wconf 90' lang='lat' dir='ltr'><strong>nocti,</strong></span> 
     </span>
    </p>

    <p class='ocr_par' dir='ltr' id='par_1_5' title="bbox 157 491 1298 552">
     <span class='ocr_line' id='line_1_5' title="bbox 157 491 1298 552; baseline -0.004 -15"><span class='ocrx_word' id='word_1_32' title='bbox 157 507 323 552; x_wconf 77' lang='lat' dir='ltr'><strong>perque</strong></span> <span class='ocrx_word' id='word_1_33' title='bbox 345 492 460 536; x_wconf 86' lang='lat' dir='ltr'><strong>feros</strong></span> <span class='ocrx_word' id='word_1_34' title='bbox 485 507 607 536; x_wconf 84' lang='lat' dir='ltr'><strong>enses</strong></span> <span class='ocrx_word' id='word_1_35' title='bbox 630 507 716 535; x_wconf 91' lang='lat' dir='ltr'><strong>non</strong></span> <span class='ocrx_word' id='word_1_36' title='bbox 739 500 905 535; x_wconf 86' lang='lat' dir='ltr'><strong>tantum</strong></span> <span class='ocrx_word' id='word_1_37' title='bbox 930 492 1098 535; x_wconf 86' lang='lat' dir='ltr'><strong>moenia</strong></span> <span class='ocrx_word' id='word_1_38' title='bbox 1120 491 1298 541; x_wconf 84' lang='lat' dir='ltr'><strong>Troum,</strong></span> 
     </span>
    </p>

    <p class='ocr_par' dir='ltr' id='par_1_6' title="bbox 159 549 1185 603">
     <span class='ocr_line' id='line_1_6' title="bbox 159 549 1185 603; baseline -0.004 -9"><span class='ocrx_word' id='word_1_39' title='bbox 159 564 311 594; x_wconf 81' lang='lat' dir='ltr'><strong>verum</strong></span> <span class='ocrx_word' id='word_1_40' title='bbox 333 549 462 592; x_wconf 84' lang='lat' dir='ltr'><strong>etiam</strong></span> <span class='ocrx_word' id='word_1_41' title='bbox 487 564 674 592; x_wconf 89' lang='lat' dir='ltr'><strong>summas</strong></span> <span class='ocrx_word' id='word_1_42' title='bbox 699 563 817 592; x_wconf 87' lang='lat' dir='ltr'><strong>arces</strong></span> <span class='ocrx_word' id='word_1_43' title='bbox 841 549 998 591; x_wconf 89' lang='lat' dir='ltr'><strong>intrare</strong></span> <span class='ocrx_word' id='word_1_44' title='bbox 1023 561 1185 603; x_wconf 85' lang='lat' dir='ltr'><strong>suaque</strong></span> 
     </span>
    </p>

    <p class='ocr_par' dir='ltr' id='par_1_7' title="bbox 155 603 1361 664">
     <span class='ocr_line' id='line_1_7' title="bbox 155 603 1361 664; baseline -0.005 -12"><span class='ocrx_word' id='word_1_45' title='bbox 155 607 324 664; x_wconf 72' lang='lat' dir='ltr'><strong>eripere</strong></span> <span class='ocrx_word' id='word_1_46' title='bbox 347 606 453 650; x_wconf 81' lang='lat' dir='ltr'><strong>aede</strong></span> <span class='ocrx_word' id='word_1_47' title='bbox 477 605 602 649; x_wconf 87' lang='lat' dir='ltr'><strong>deam</strong></span> <span class='ocrx_word' id='word_1_48' title='bbox 625 614 875 662; x_wconf 77' lang='lat' dir='ltr'><strong>raptamque</strong></span> <span class='ocrx_word' id='word_1_49' title='bbox 900 605 1066 648; x_wconf 86' lang='lat' dir='ltr'><strong>adferre</strong></span> <span class='ocrx_word' id='word_1_50' title='bbox 1090 619 1167 661; x_wconf 89' lang='lat' dir='ltr'><strong>per</strong></span> <span class='ocrx_word' id='word_1_51' title='bbox 1190 603 1361 647; x_wconf 87' lang='lat' dir='ltr'><strong>hostes?</strong></span> 
     </span>
    </p>

    <p class='ocr_par' dir='ltr' id='par_1_8' title="bbox 155 662 1631 831">
     <span class='ocr_line' id='line_1_8' title="bbox 155 662 1631 720; baseline -0.004 -13"><span class='ocrx_word' id='word_1_52' title='bbox 155 678 273 720; x_wconf 77' lang='lat' dir='ltr'><strong>quae</strong></span> <span class='ocrx_word' id='word_1_53' title='bbox 296 662 379 705; x_wconf 89' lang='lat' dir='ltr'><strong>nisi</strong></span> <span class='ocrx_word' id='word_1_54' title='bbox 401 662 618 712; x_wconf 81' lang='lat' dir='ltr'><strong>fecissem,</strong></span> <span class='ocrx_word' id='word_1_55' title='bbox 643 662 802 704; x_wconf 87' lang='lat' dir='ltr'><strong>frustra</strong></span> <span class='ocrx_word' id='word_1_56' title='bbox 824 662 1058 705; x_wconf 88' lang='lat' dir='ltr'><strong>Telamone</strong></span> <span class='ocrx_word' id='word_1_57' title='bbox 1082 668 1250 704; x_wconf 89' lang='lat' dir='ltr'><strong>creatus</strong></span> <span class='ocrx_word' id='word_1_58' title='bbox 1564 674 1631 706; x_wconf 82' lang='lat'><strong>345</strong></span> 
     </span>
     <span class='ocr_line' id='line_1_9' title="bbox 192 716 1147 775; baseline -0.004 -11"><span class='ocrx_word' id='word_1_59' title='bbox 192 726 369 764; x_wconf 84' lang='lat' dir='ltr'><strong>estasset</strong></span> <span class='ocrx_word' id='word_1_60' title='bbox 390 716 514 762; x_wconf 85' lang='lat' dir='ltr'><strong>laeva</strong></span> <span class='ocrx_word' id='word_1_61' title='bbox 536 726 754 761; x_wconf 81' lang='lat' dir='ltr'><strong>taurorum</strong></span> <span class='ocrx_word' id='word_1_62' title='bbox 778 726 948 775; x_wconf 87' lang='lat' dir='ltr'><strong>tergora</strong></span> <span class='ocrx_word' id='word_1_63' title='bbox 971 726 1147 774; x_wconf 88' lang='lat' dir='ltr'><strong>septem.</strong></span> 
     </span>
     <span class='ocr_line' id='line_1_10' title="bbox 207 775 1131 831; baseline -0.003 -11"><span class='ocrx_word' id='word_1_64' title='bbox 207 793 234 820; x_wconf 80' lang='lat' dir='ltr'><strong>a</strong></span> <span class='ocrx_word' id='word_1_65' title='bbox 255 783 380 820; x_wconf 87' lang='lat' dir='ltr'><strong>nocte</strong></span> <span class='ocrx_word' id='word_1_66' title='bbox 403 775 510 818; x_wconf 88' lang='lat' dir='ltr'><strong>mihi</strong></span> <span class='ocrx_word' id='word_1_67' title='bbox 531 775 686 818; x_wconf 86' lang='lat' dir='ltr'><strong>Troiae</strong></span> <span class='ocrx_word' id='word_1_68' title='bbox 711 775 886 818; x_wconf 88' lang='lat' dir='ltr'><strong>victoria</strong></span> <span class='ocrx_word' id='word_1_69' title='bbox 909 783 1031 831; x_wconf 87' lang='lat' dir='ltr'><strong>parta</strong></span> <span class='ocrx_word' id='word_1_70' title='bbox 1054 782 1131 817; x_wconf 84' lang='lat' dir='ltr'><strong>est.</strong></span> 
     </span>
    </p>

    <p class='ocr_par' dir='ltr' id='par_1_9' title="bbox 156 831 1195 890">
     <span class='ocr_line' id='line_1_11' title="bbox 156 831 1195 890; baseline -0.004 -13"><span class='ocrx_word' id='word_1_71' title='bbox 156 833 376 890; x_wconf 83' lang='lat' dir='ltr'><strong>Pergama</strong></span> <span class='ocrx_word' id='word_1_72' title='bbox 398 839 500 875; x_wconf 88' lang='lat' dir='ltr'><strong>tunc</strong></span> <span class='ocrx_word' id='word_1_73' title='bbox 524 831 628 882; x_wconf 88' lang='lat' dir='ltr'><strong>vici,</strong></span> <span class='ocrx_word' id='word_1_74' title='bbox 653 846 752 874; x_wconf 90' lang='lat' dir='ltr'><strong>cum</strong></span> <span class='ocrx_word' id='word_1_75' title='bbox 776 831 888 874; x_wconf 88' lang='lat' dir='ltr'><strong>vinci</strong></span> <span class='ocrx_word' id='word_1_76' title='bbox 911 846 1036 888; x_wconf 90' lang='lat' dir='ltr'><strong>posse</strong></span> <span class='ocrx_word' id='word_1_77' title='bbox 1061 845 1135 874; x_wconf 89' lang='lat' dir='ltr'><strong>coe</strong></span> <span class='ocrx_word' id='word_1_78' title='bbox 1168 831 1195 873; x_wconf 92' lang='lat' dir='ltr'><strong>i.</strong></span> 
     </span>
    </p>

    <p class='ocr_par' dir='ltr' id='par_1_10' title="bbox 155 846 1211 946">
     <span class='ocr_line' id='line_1_12' title="bbox 155 846 1211 946; baseline -0.005 -12"><span class='ocrx_word' id='word_1_79' title='bbox 155 891 307 934; x_wconf 84' lang='lat' dir='ltr'><strong>desine</strong></span> <span class='ocrx_word' id='word_1_80' title='bbox 330 889 529 946; x_wconf 83' lang='lat' dir='ltr'><strong>Tydiden</strong></span> <span class='ocrx_word' id='word_1_81' title='bbox 552 889 758 944; x_wconf 87' lang='lat' dir='ltr'><strong>vultuque</strong></span> <span class='ocrx_word' id='word_1_82' title='bbox 782 896 825 932; x_wconf 87' lang='lat' dir='ltr'><strong>et</strong></span> <span class='ocrx_word' id='word_1_83' title='bbox 849 903 1064 931; x_wconf 89' lang='lat' dir='ltr'><strong>murmure</strong></span> <span class='ocrx_word' id='word_1_84' title='bbox 1087 846 1211 930; x_wconf 51' lang='lat' dir='ltr'><strong>noffiis</strong></span> 
     </span>
    </p>

    <p class='ocr_par' dir='ltr' id='par_1_11' title="bbox 155 944 1633 1003">
     <span class='ocr_line' id='line_1_13' title="bbox 155 944 1633 1003; baseline -0.002 -12"><span class='ocrx_word' id='word_1_85' title='bbox 155 954 373 991; x_wconf 84' lang='lat' dir='ltr'><strong>ostentare</strong></span> <span class='ocrx_word' id='word_1_86' title='bbox 397 961 553 990; x_wconf 90' lang='lat' dir='ltr'><strong>meum.</strong></span> <span class='ocrx_word' id='word_1_87' title='bbox 600 961 699 1003; x_wconf 87' lang='lat' dir='ltr'><strong>pars</strong></span> <span class='ocrx_word' id='word_1_88' title='bbox 723 952 788 988; x_wconf 91' lang='lat' dir='ltr'><strong>est</strong></span> <span class='ocrx_word' id='word_1_89' title='bbox 811 961 890 988; x_wconf 91' lang='lat' dir='ltr'><strong>sua</strong></span> <span class='ocrx_word' id='word_1_90' title='bbox 912 945 1050 987; x_wconf 90' lang='lat' dir='ltr'><strong>laudis</strong></span> <span class='ocrx_word' id='word_1_91' title='bbox 1074 945 1119 986; x_wconf 93' lang='lat' dir='ltr'><strong>in</strong></span> <span class='ocrx_word' id='word_1_92' title='bbox 1141 944 1227 986; x_wconf 90' lang='lat' dir='ltr'><strong>illo.</strong></span> <span class='ocrx_word' id='word_1_93' title='bbox 1566 957 1633 989; x_wconf 81' lang='lat'><strong>850</strong></span> 
     </span>
    </p>

    <p class='ocr_par' dir='ltr' id='par_1_12' title="bbox 159 1001 1275 1059">
     <span class='ocr_line' id='line_1_14' title="bbox 159 1001 1275 1059; baseline -0.004 -11"><span class='ocrx_word' id='word_1_94' title='bbox 159 1018 241 1048; x_wconf 89' lang='lat' dir='ltr'><strong>nec</strong></span> <span class='ocrx_word' id='word_1_95' title='bbox 262 1011 330 1053; x_wconf 88' lang='lat' dir='ltr'><strong>tu,</strong></span> <span class='ocrx_word' id='word_1_96' title='bbox 355 1017 453 1046; x_wconf 89' lang='lat' dir='ltr'><strong>cum</strong></span> <span class='ocrx_word' id='word_1_97' title='bbox 477 1002 593 1046; x_wconf 88' lang='lat' dir='ltr'><strong>socia</strong></span> <span class='ocrx_word' id='word_1_98' title='bbox 616 1002 801 1059; x_wconf 90' lang='lat' dir='ltr'><strong>clipeum</strong></span> <span class='ocrx_word' id='word_1_99' title='bbox 825 1004 903 1058; x_wconf 86' lang='lat' dir='ltr'><strong>pro</strong></span> <span class='ocrx_word' id='word_1_100' title='bbox 928 1002 1061 1044; x_wconf 89' lang='lat' dir='ltr'><strong>classe</strong></span> <span class='ocrx_word' id='word_1_101' title='bbox 1085 1001 1275 1050; x_wconf 86' lang='lat' dir='ltr'><strong>tenebas,</strong></span> 
     </span>
    </p>

    <p class='ocr_par' dir='ltr' id='par_1_13' title="bbox 157 1058 1419 1114">
     <span class='ocr_line' id='line_1_15' title="bbox 157 1058 1419 1114; baseline -0.005 -9"><span class='ocrx_word' id='word_1_102' title='bbox 157 1061 277 1105; x_wconf 74' lang='lat' dir='ltr'><strong>solus</strong></span> <span class='ocrx_word' id='word_1_103' title='bbox 300 1075 413 1104; x_wconf 81' lang='lat' dir='ltr'><strong>eras:</strong></span> <span class='ocrx_word' id='word_1_104' title='bbox 438 1059 517 1102; x_wconf 89' lang='lat' dir='ltr'><strong>tibi</strong></span> <span class='ocrx_word' id='word_1_105' title='bbox 540 1059 666 1102; x_wconf 87' lang='lat' dir='ltr'><strong>turba</strong></span> <span class='ocrx_word' id='word_1_106' title='bbox 691 1074 851 1110; x_wconf 89' lang='lat' dir='ltr'><strong>comes,</strong></span> <span class='ocrx_word' id='word_1_107' title='bbox 876 1058 981 1101; x_wconf 92' lang='lat' dir='ltr'><strong>mihi</strong></span> <span class='ocrx_word' id='word_1_108' title='bbox 1006 1058 1184 1114; x_wconf 87' lang='lat' dir='ltr'><strong>contigit</strong></span> <span class='ocrx_word' id='word_1_109' title='bbox 1206 1072 1331 1100; x_wconf 88' lang='lat' dir='ltr'><strong>unus.</strong></span> <span class='ocrx_word' id='word_1_110' title='bbox 1363 1082 1419 1088; x_wconf 91' lang='lat'>—</span> 
     </span>
    </p>

    <p class='ocr_par' dir='ltr' id='par_1_14' title="bbox 159 1115 1200 1174">
     <span class='ocr_line' id='line_1_16' title="bbox 159 1115 1200 1174; baseline -0.005 -12"><span class='ocrx_word' id='word_1_111' title='bbox 159 1117 236 1174; x_wconf 89' lang='lat' dir='ltr'><strong>qui</strong></span> <span class='ocrx_word' id='word_1_112' title='bbox 257 1117 340 1160; x_wconf 88' lang='lat' dir='ltr'><strong>nisi</strong></span> <span class='ocrx_word' id='word_1_113' title='bbox 362 1131 605 1174; x_wconf 84' lang='lat' dir='ltr'><strong>pugnacem</strong></span> <span class='ocrx_word' id='word_1_114' title='bbox 629 1116 754 1158; x_wconf 87' lang='lat' dir='ltr'><strong>sciret</strong></span> <span class='ocrx_word' id='word_1_115' title='bbox 778 1116 968 1172; x_wconf 88' lang='lat' dir='ltr'><strong>sapiente</strong></span> <span class='ocrx_word' id='word_1_116' title='bbox 993 1115 1200 1158; x_wconf 89' lang='lat' dir='ltr'><strong>minorem</strong></span> 
     </span>
    </p>

    <p class='ocr_par' dir='ltr' id='par_1_15' title="bbox 157 1172 1227 1230">
     <span class='ocr_line' id='line_1_17' title="bbox 157 1172 1227 1230; baseline -0.006 -11"><span class='ocrx_word' id='word_1_117' title='bbox 157 1189 274 1226; x_wconf 80' lang='lat' dir='ltr'><strong>esse,</strong></span> <span class='ocrx_word' id='word_1_118' title='bbox 289 1188 378 1230; x_wconf 38' lang='lat' dir='ltr'><strong>,nec</strong></span> <span class='ocrx_word' id='word_1_119' title='bbox 401 1173 633 1216; x_wconf 86' lang='lat' dir='ltr'><strong>indomitae</strong></span> <span class='ocrx_word' id='word_1_120' title='bbox 657 1173 804 1216; x_wconf 87' lang='lat' dir='ltr'><strong>deberi</strong></span> <span class='ocrx_word' id='word_1_121' title='bbox 826 1172 1016 1229; x_wconf 86' lang='lat' dir='ltr'><strong>praemia</strong></span> <span class='ocrx_word' id='word_1_122' title='bbox 1040 1172 1227 1222; x_wconf 83' lang='lat' dir='ltr'><strong>dextrae,</strong></span> 
     </span>
    </p>

    <p class='ocr_par' dir='ltr' id='par_1_16' title="bbox 155 1228 1631 1286">
     <span class='ocr_line' id='line_1_18' title="bbox 155 1228 1631 1286; baseline -0.001 -12"><span class='ocrx_word' id='word_1_123' title='bbox 155 1231 175 1274; x_wconf 82' lang='lat' dir='ltr'><strong>i</strong></span> <span class='ocrx_word' id='word_1_124' title='bbox 206 1246 252 1275; x_wconf 93' lang='lat' dir='ltr'><strong>se</strong></span> <span class='ocrx_word' id='word_1_125' title='bbox 277 1245 448 1286; x_wconf 90' lang='lat' dir='ltr'><strong>quoque</strong></span> <span class='ocrx_word' id='word_1_126' title='bbox 472 1229 579 1273; x_wconf 88' lang='lat' dir='ltr'><strong>haec</strong></span> <span class='ocrx_word' id='word_1_127' title='bbox 601 1237 764 1286; x_wconf 90' lang='lat' dir='ltr'><strong>peteret</strong></span> <span class='ocrx_word' id='word_1_128' title='bbox 772 1246 783 1280; x_wconf 94' lang='lat'>;</span> <span class='ocrx_word' id='word_1_129' title='bbox 809 1237 970 1286; x_wconf 89' lang='lat' dir='ltr'><strong>peteret</strong></span> <span class='ocrx_word' id='word_1_130' title='bbox 994 1229 1251 1271; x_wconf 85' lang='lat' dir='ltr'><strong>moderatior</strong></span> <span class='ocrx_word' id='word_1_131' title='bbox 1274 1228 1390 1270; x_wconf 83' lang='lat' dir='ltr'><strong>Aiax</strong></span> <span class='ocrx_word' id='word_1_132' title='bbox 1565 1240 1631 1273; x_wconf 85' lang='lat'><strong>355</strong></span> 
     </span>
    </p>

    <p class='ocr_par' dir='ltr' id='par_1_17' title="bbox 46 1286 1355 1355">
     <span class='ocr_line' id='line_1_19' title="bbox 46 1286 1355 1355; baseline -0.004 -24"><span class='ocrx_word' id='word_1_133' title='bbox 46 1330 54 1347; x_wconf 14' lang='lat' dir='ltr'><strong>,V</strong></span> <span class='ocrx_word' id='word_1_134' title='bbox 201 1288 495 1355; x_wconf 70' lang='lat' dir='ltr'><strong>urypylusque</strong></span> <span class='ocrx_word' id='word_1_135' title='bbox 517 1286 640 1330; x_wconf 87' lang='lat' dir='ltr'><strong>ferox</strong></span> <span class='ocrx_word' id='word_1_136' title='bbox 664 1287 864 1341; x_wconf 86' lang='lat' dir='ltr'><strong>claroque</strong></span> <span class='ocrx_word' id='word_1_137' title='bbox 887 1286 1192 1328; x_wconf 85' lang='lat' dir='ltr'><strong>Andraemone</strong></span> <span class='ocrx_word' id='word_1_138' title='bbox 1216 1292 1355 1334; x_wconf 87' lang='lat' dir='ltr'><strong>natus,</strong></span> 
     </span>
    </p>

    <p class='ocr_par' dir='ltr' id='par_1_18' title="bbox 30 1342 1296 1400">
     <span class='ocr_line' id='line_1_20' title="bbox 30 1342 1296 1400; baseline -0.004 -11"><span class='ocrx_word' id='word_1_139' title='bbox 30 1355 35 1370; x_wconf 39' lang='grc' dir='ltr'><strong>ἵ</strong></span> <span class='ocrx_word' id='word_1_140' title='bbox 112 1368 114 1371; x_wconf 95' lang='grc'>-</span> <span class='ocrx_word' id='word_1_141' title='bbox 157 1359 240 1388; x_wconf 89' lang='lat' dir='ltr'><strong>nec</strong></span> <span class='ocrx_word' id='word_1_142' title='bbox 263 1359 404 1388; x_wconf 86' lang='lat' dir='ltr'><strong>nunus</strong></span> <span class='ocrx_word' id='word_1_143' title='bbox 427 1344 684 1387; x_wconf 83' lang='lat' dir='ltr'><strong>Idomeneus</strong></span> <span class='ocrx_word' id='word_1_144' title='bbox 708 1343 930 1400; x_wconf 86' lang='lat' dir='ltr'><strong>patriaque</strong></span> <span class='ocrx_word' id='word_1_145' title='bbox 955 1350 1120 1386; x_wconf 86' lang='lat' dir='ltr'><strong>creatus</strong></span> <span class='ocrx_word' id='word_1_146' title='bbox 1145 1342 1296 1385; x_wconf 87' lang='lat' dir='ltr'><strong>eadem</strong></span> 
     </span>
    </p>

    <p class='ocr_par' dir='ltr' id='par_1_19' title="bbox 158 1399 1152 1458">
     <span class='ocr_line' id='line_1_21' title="bbox 158 1399 1152 1458; baseline -0.004 -13"><span class='ocrx_word' id='word_1_147' title='bbox 158 1401 399 1452; x_wconf 86' lang='lat' dir='ltr'><strong>Meriones,</strong></span> <span class='ocrx_word' id='word_1_148' title='bbox 422 1408 585 1458; x_wconf 88' lang='lat' dir='ltr'><strong>peteret</strong></span> <span class='ocrx_word' id='word_1_149' title='bbox 608 1400 779 1443; x_wconf 88' lang='lat' dir='ltr'><strong>maioris</strong></span> <span class='ocrx_word' id='word_1_150' title='bbox 804 1400 935 1443; x_wconf 83' lang='lat' dir='ltr'><strong>frater</strong></span> <span class='ocrx_word' id='word_1_151' title='bbox 959 1399 1152 1442; x_wconf 86' lang='lat' dir='ltr'><strong>Atridae.</strong></span> 
     </span>
    </p>

    <p class='ocr_par' dir='ltr' id='par_1_20' title="bbox 156 1455 1361 1526">
     <span class='ocr_line' id='line_1_22' title="bbox 156 1455 1361 1526; baseline -0.004 -24"><span class='ocrx_word' id='word_1_152' title='bbox 156 1459 320 1526; x_wconf 81' lang='lat' dir='ltr'><strong>quippe</strong></span> <span class='ocrx_word' id='word_1_153' title='bbox 342 1473 472 1501; x_wconf 84' lang='lat' dir='ltr'><strong>manu</strong></span> <span class='ocrx_word' id='word_1_154' title='bbox 497 1457 628 1500; x_wconf 88' lang='lat' dir='ltr'><strong>fortes</strong></span> <span class='ocrx_word' id='word_1_155' title='bbox 652 1456 752 1512; x_wconf 90' lang='lat' dir='ltr'><strong>(nec</strong></span> <span class='ocrx_word' id='word_1_156' title='bbox 776 1464 873 1507; x_wconf 82' lang='lat' dir='ltr'><strong>sunt</strong></span> <span class='ocrx_word' id='word_1_157' title='bbox 897 1457 975 1499; x_wconf 89' lang='lat' dir='ltr'><strong>tibi</strong></span> <span class='ocrx_word' id='word_1_158' title='bbox 998 1457 1141 1499; x_wconf 88' lang='lat' dir='ltr'><strong>Marte</strong></span> <span class='ocrx_word' id='word_1_159' title='bbox 1165 1455 1361 1511; x_wconf 87' lang='lat' dir='ltr'><strong>secundi)</strong></span> 
     </span>
    </p>

    <p class='ocr_par' dir='ltr' id='par_1_21' title="bbox 157 1513 1634 1559">
     <span class='ocr_line' id='line_1_23' title="bbox 157 1513 1634 1559; baseline -0.001 0"><span class='ocrx_word' id='word_1_160' title='bbox 157 1515 347 1559; x_wconf 77' lang='lat' dir='ltr'><strong>consssiis</strong></span> <span class='ocrx_word' id='word_1_161' title='bbox 371 1529 536 1558; x_wconf 88' lang='lat' dir='ltr'><strong>cessere</strong></span> <span class='ocrx_word' id='word_1_162' title='bbox 559 1514 678 1557; x_wconf 88' lang='lat' dir='ltr'><strong>meis.</strong></span> <span class='ocrx_word' id='word_1_163' title='bbox 737 1514 816 1556; x_wconf 93' lang='lat' dir='ltr'><strong>tibi</strong></span> <span class='ocrx_word' id='word_1_164' title='bbox 839 1514 1015 1556; x_wconf 89' lang='lat' dir='ltr'><strong>dextera</strong></span> <span class='ocrx_word' id='word_1_165' title='bbox 1039 1513 1150 1556; x_wconf 90' lang='lat' dir='ltr'><strong>bello</strong></span> <span class='ocrx_word' id='word_1_166' title='bbox 1566 1525 1634 1557; x_wconf 84' lang='lat'><strong>360</strong></span> 
     </span>
    </p>

    <p class='ocr_par' dir='ltr' id='par_1_22' title="bbox 159 1569 1400 1629">
     <span class='ocr_line' id='line_1_24' title="bbox 159 1569 1400 1629; baseline -0.003 -14"><span class='ocrx_word' id='word_1_167' title='bbox 159 1572 294 1615; x_wconf 85' lang='lat' dir='ltr'><strong>utilis:</strong></span> <span class='ocrx_word' id='word_1_168' title='bbox 318 1571 538 1629; x_wconf 88' lang='lat' dir='ltr'><strong>ingenium</strong></span> <span class='ocrx_word' id='word_1_169' title='bbox 563 1578 646 1621; x_wconf 87' lang='lat' dir='ltr'><strong>est,</strong></span> <span class='ocrx_word' id='word_1_170' title='bbox 669 1571 786 1626; x_wconf 89' lang='lat' dir='ltr'><strong>quod</strong></span> <span class='ocrx_word' id='word_1_171' title='bbox 810 1578 908 1627; x_wconf 88' lang='lat' dir='ltr'><strong>eget</strong></span> <span class='ocrx_word' id='word_1_172' title='bbox 931 1569 1219 1613; x_wconf 88' lang='lat' dir='ltr'><strong>moderamine</strong></span> <span class='ocrx_word' id='word_1_173' title='bbox 1243 1577 1400 1612; x_wconf 89' lang='lat' dir='ltr'><strong>nostro.</strong></span> 
     </span>
    </p>

    <p class='ocr_par' dir='ltr' id='par_1_23' title="bbox 158 1626 1204 1684">
     <span class='ocr_line' id='line_1_25' title="bbox 158 1626 1204 1684; baseline -0.004 -12"><span class='ocrx_word' id='word_1_174' title='bbox 158 1638 208 1672; x_wconf 86' lang='lat' dir='ltr'><strong>tu</strong></span> <span class='ocrx_word' id='word_1_175' title='bbox 232 1629 343 1672; x_wconf 88' lang='lat' dir='ltr'><strong>vires</strong></span> <span class='ocrx_word' id='word_1_176' title='bbox 367 1628 459 1672; x_wconf 90' lang='lat' dir='ltr'><strong>sine</strong></span> <span class='ocrx_word' id='word_1_177' title='bbox 481 1635 625 1671; x_wconf 89' lang='lat' dir='ltr'><strong>mente</strong></span> <span class='ocrx_word' id='word_1_178' title='bbox 648 1628 780 1684; x_wconf 88' lang='lat' dir='ltr'><strong>geris:</strong></span> <span class='ocrx_word' id='word_1_179' title='bbox 803 1627 910 1670; x_wconf 89' lang='lat' dir='ltr'><strong>mihi</strong></span> <span class='ocrx_word' id='word_1_180' title='bbox 934 1641 1037 1670; x_wconf 89' lang='lat' dir='ltr'><strong>cura</strong></span> <span class='ocrx_word' id='word_1_181' title='bbox 1060 1626 1204 1669; x_wconf 88' lang='lat' dir='ltr'><strong>futuri.</strong></span> 
     </span>
    </p>

    <p class='ocr_par' dir='ltr' id='par_1_24' title="bbox 158 1684 1243 1743">
     <span class='ocr_line' id='line_1_26' title="bbox 158 1684 1243 1743; baseline -0.004 -14"><span class='ocrx_word' id='word_1_182' title='bbox 158 1694 209 1729; x_wconf 89' lang='lat' dir='ltr'><strong>tu</strong></span> <span class='ocrx_word' id='word_1_183' title='bbox 231 1700 424 1743; x_wconf 85' lang='lat' dir='ltr'><strong>pugnare</strong></span> <span class='ocrx_word' id='word_1_184' title='bbox 447 1692 587 1742; x_wconf 86' lang='lat' dir='ltr'><strong>potes:</strong></span> <span class='ocrx_word' id='word_1_185' title='bbox 611 1684 833 1741; x_wconf 85' lang='lat' dir='ltr'><strong>pugnandi</strong></span> <span class='ocrx_word' id='word_1_186' title='bbox 856 1692 1050 1740; x_wconf 88' lang='lat' dir='ltr'><strong>tempora</strong></span> <span class='ocrx_word' id='word_1_187' title='bbox 1072 1698 1243 1726; x_wconf 86' lang='lat' dir='ltr'><strong>mecum</strong></span> 
     </span>
    </p>

    <p class='ocr_par' dir='ltr' id='par_1_25' title="bbox 157 1740 1183 1800">
     <span class='ocr_line' id='line_1_27' title="bbox 157 1740 1183 1800; baseline -0.004 -14"><span class='ocrx_word' id='word_1_188' title='bbox 157 1743 281 1800; x_wconf 85' lang='lat' dir='ltr'><strong>eligit</strong></span> <span class='ocrx_word' id='word_1_189' title='bbox 303 1742 492 1785; x_wconf 84' lang='lat' dir='ltr'><strong>Atrides.</strong></span> <span class='ocrx_word' id='word_1_190' title='bbox 551 1749 599 1784; x_wconf 88' lang='lat' dir='ltr'><strong>tu</strong></span> <span class='ocrx_word' id='word_1_191' title='bbox 622 1749 787 1783; x_wconf 87' lang='lat' dir='ltr'><strong>tantum</strong></span> <span class='ocrx_word' id='word_1_192' title='bbox 812 1755 986 1797; x_wconf 89' lang='lat' dir='ltr'><strong>corpore</strong></span> <span class='ocrx_word' id='word_1_193' title='bbox 1010 1740 1183 1797; x_wconf 87' lang='lat' dir='ltr'><strong>prodes:</strong></span> 
     </span>
    </p>

    <p class='ocr_par' dir='ltr' id='par_1_26' title="bbox 157 1797 1632 1854">
     <span class='ocr_line' id='line_1_28' title="bbox 157 1797 1632 1854; baseline -0.001 -11"><span class='ocrx_word' id='word_1_194' title='bbox 157 1814 239 1843; x_wconf 89' lang='lat' dir='ltr'><strong>nos</strong></span> <span class='ocrx_word' id='word_1_195' title='bbox 263 1799 418 1842; x_wconf 80' lang='lat' dir='ltr'><strong>animo.</strong></span> <span class='ocrx_word' id='word_1_196' title='bbox 477 1805 739 1854; x_wconf 82' lang='lat' dir='ltr'><strong>quantoque,</strong></span> <span class='ocrx_word' id='word_1_197' title='bbox 764 1805 900 1840; x_wconf 87' lang='lat' dir='ltr'><strong>ratem</strong></span> <span class='ocrx_word' id='word_1_198' title='bbox 922 1797 997 1852; x_wconf 91' lang='lat' dir='ltr'><strong>qui</strong></span> <span class='ocrx_word' id='word_1_199' title='bbox 1019 1803 1240 1853; x_wconf 88' lang='lat' dir='ltr'><strong>temperat,</strong></span> <span class='ocrx_word' id='word_1_200' title='bbox 1266 1798 1399 1840; x_wconf 89' lang='lat' dir='ltr'><strong>anteit</strong></span> <span class='ocrx_word' id='word_1_201' title='bbox 1566 1810 1632 1842; x_wconf 81' lang='lat'><strong>365</strong></span> 
     </span>
    </p>

    <p class='ocr_par' dir='ltr' id='par_1_27' title="bbox 158 1854 1198 1913">
     <span class='ocr_line' id='line_1_29' title="bbox 158 1854 1198 1913; baseline -0.004 -13"><span class='ocrx_word' id='word_1_202' title='bbox 158 1856 334 1913; x_wconf 89' lang='lat' dir='ltr'><strong>remigis</strong></span> <span class='ocrx_word' id='word_1_203' title='bbox 358 1855 566 1906; x_wconf 88' lang='lat' dir='ltr'><strong>officium,</strong></span> <span class='ocrx_word' id='word_1_204' title='bbox 591 1863 751 1911; x_wconf 89' lang='lat' dir='ltr'><strong>quanto</strong></span> <span class='ocrx_word' id='word_1_205' title='bbox 776 1855 865 1897; x_wconf 88' lang='lat' dir='ltr'><strong>dux</strong></span> <span class='ocrx_word' id='word_1_206' title='bbox 889 1854 1021 1897; x_wconf 88' lang='lat' dir='ltr'><strong>milite</strong></span> <span class='ocrx_word' id='word_1_207' title='bbox 1045 1854 1198 1896; x_wconf 88' lang='lat' dir='ltr'><strong>maior:</strong></span> 
     </span>
    </p>

    <p class='ocr_par' dir='ltr' id='par_1_28' title="bbox 158 1911 1373 1969">
     <span class='ocr_line' id='line_1_30' title="bbox 158 1911 1373 1969; baseline -0.004 -12"><span class='ocrx_word' id='word_1_208' title='bbox 158 1921 327 1957; x_wconf 82' lang='lat' dir='ltr'><strong>tantum</strong></span> <span class='ocrx_word' id='word_1_209' title='bbox 351 1927 432 1969; x_wconf 88' lang='lat' dir='ltr'><strong>ego</strong></span> <span class='ocrx_word' id='word_1_210' title='bbox 456 1919 499 1955; x_wconf 88' lang='lat' dir='ltr'><strong>te</strong></span> <span class='ocrx_word' id='word_1_211' title='bbox 523 1926 690 1969; x_wconf 84' lang='lat' dir='ltr'><strong>supero.</strong></span> <span class='ocrx_word' id='word_1_212' title='bbox 750 1926 829 1955; x_wconf 89' lang='lat' dir='ltr'><strong>nec</strong></span> <span class='ocrx_word' id='word_1_213' title='bbox 853 1926 939 1954; x_wconf 89' lang='lat' dir='ltr'><strong>non</strong></span> <span class='ocrx_word' id='word_1_214' title='bbox 962 1911 1006 1953; x_wconf 90' lang='lat' dir='ltr'><strong>in</strong></span> <span class='ocrx_word' id='word_1_215' title='bbox 1031 1925 1207 1967; x_wconf 88' lang='lat' dir='ltr'><strong>corpore</strong></span> <span class='ocrx_word' id='word_1_216' title='bbox 1230 1918 1373 1953; x_wconf 88' lang='lat' dir='ltr'><strong>nostro</strong></span> 
     </span>
    </p>

    <p class='ocr_par' dir='ltr' id='par_1_29' title="bbox 158 1967 1398 2028">
     <span class='ocr_line' id='line_1_31' title="bbox 158 1967 1398 2028; baseline -0.004 -14"><span class='ocrx_word' id='word_1_217' title='bbox 158 1977 335 2028; x_wconf 80' lang='lat' dir='ltr'><strong>pectora</strong></span> <span class='ocrx_word' id='word_1_218' title='bbox 357 1976 457 2013; x_wconf 90' lang='lat' dir='ltr'><strong>sunt</strong></span> <span class='ocrx_word' id='word_1_219' title='bbox 479 1969 647 2026; x_wconf 86' lang='lat' dir='ltr'><strong>potiora</strong></span> <span class='ocrx_word' id='word_1_220' title='bbox 669 1984 818 2011; x_wconf 87' lang='lat' dir='ltr'><strong>manu:</strong></span> <span class='ocrx_word' id='word_1_221' title='bbox 843 1969 967 2025; x_wconf 87' lang='lat' dir='ltr'><strong>vigor</strong></span> <span class='ocrx_word' id='word_1_222' title='bbox 990 1967 1127 2010; x_wconf 92' lang='lat' dir='ltr'><strong>omnis</strong></span> <span class='ocrx_word' id='word_1_223' title='bbox 1150 1967 1196 2010; x_wconf 89' lang='lat' dir='ltr'><strong>in</strong></span> <span class='ocrx_word' id='word_1_224' title='bbox 1219 1967 1314 2010; x_wconf 89' lang='lat' dir='ltr'><strong>illis.</strong></span> <span class='ocrx_word' id='word_1_225' title='bbox 1339 1990 1398 1998; x_wconf 93' lang='grc'><strong>--</strong></span> 
     </span>
    </p>

    <p class='ocr_par' dir='ltr' id='par_1_30' title="bbox 18 2025 1280 2085">
     <span class='ocr_line' id='line_1_32' title="bbox 159 2025 1280 2083; baseline -0.004 -12.559"><span class='ocrx_word' id='word_1_226' title='bbox 159 2035 207 2071; x_wconf 84' lang='lat' dir='ltr'><strong>at</strong></span> <span class='ocrx_word' id='word_1_227' title='bbox 229 2041 326 2078; x_wconf 87' lang='lat' dir='ltr'><strong>vos,</strong></span> <span class='ocrx_word' id='word_1_228' title='bbox 350 2041 377 2070; x_wconf 94' lang='lat' dir='ltr'><strong>o</strong></span> <span class='ocrx_word' id='word_1_229' title='bbox 400 2040 617 2083; x_wconf 87' lang='lat' dir='ltr'><strong>proceres,</strong></span> <span class='ocrx_word' id='word_1_230' title='bbox 642 2025 762 2082; x_wconf 85' lang='lat' dir='ltr'><strong>vigili</strong></span> <span class='ocrx_word' id='word_1_231' title='bbox 787 2026 884 2068; x_wconf 85' lang='lat' dir='ltr'><strong>date</strong></span> <span class='ocrx_word' id='word_1_232' title='bbox 907 2025 1097 2082; x_wconf 85' lang='lat' dir='ltr'><strong>praemia</strong></span> <span class='ocrx_word' id='word_1_233' title='bbox 1120 2031 1280 2075; x_wconf 85' lang='lat' dir='ltr'><strong>vestr03</strong></span> 
     </span>
    </p>

    <p class='ocr_par' dir='ltr' id='par_1_31' title="bbox 10 2081 1634 2183">
     <span class='ocr_line' id='line_1_33' title="bbox 10 2081 1634 2183; baseline -0.001 -56"><span class='ocrx_word' id='word_1_234' title='bbox 10 2083 33 2141; x_wconf 57' lang='grc' dir='ltr'><strong>ἐξ</strong></span> <span class='ocrx_word' id='word_1_235' title='bbox 159 2098 324 2183; x_wconf 66' lang='lat' dir='ltr'><strong>proque</strong></span> <span class='ocrx_word' id='word_1_236' title='bbox 347 2091 411 2126; x_wconf 91' lang='lat' dir='ltr'><strong>tot</strong></span> <span class='ocrx_word' id='word_1_237' title='bbox 434 2097 643 2126; x_wconf 85' lang='lat' dir='ltr'><strong>annorum</strong></span> <span class='ocrx_word' id='word_1_238' title='bbox 667 2097 788 2132; x_wconf 88' lang='lat' dir='ltr'><strong>eura,</strong></span> <span class='ocrx_word' id='word_1_239' title='bbox 813 2082 968 2138; x_wconf 91' lang='lat' dir='ltr'><strong>quibus</strong></span> <span class='ocrx_word' id='word_1_240' title='bbox 993 2081 1145 2124; x_wconf 84' lang='lat' dir='ltr'><strong>anxius</strong></span> <span class='ocrx_word' id='word_1_241' title='bbox 1169 2081 1252 2137; x_wconf 89' lang='lat' dir='ltr'><strong>egi,</strong></span> <span class='ocrx_word' id='word_1_242' title='bbox 1567 2095 1634 2127; x_wconf 85' lang='lat'><strong>370</strong></span> 
     </span>
    </p>

    <p class='ocr_par' dir='ltr' id='par_1_32' title="bbox 21 2138 1320 2196">
     <span class='ocr_line' id='line_1_34' title="bbox 191 2138 1320 2196; baseline -0.003 -12.523"><span class='ocrx_word' id='word_1_243' title='bbox 191 2155 276 2183; x_wconf 83' lang='lat' dir='ltr'><strong>unc</strong></span> <span class='ocrx_word' id='word_1_244' title='bbox 298 2140 471 2183; x_wconf 85' lang='lat' dir='ltr'><strong>titulum</strong></span> <span class='ocrx_word' id='word_1_245' title='bbox 493 2140 653 2183; x_wconf 85' lang='lat' dir='ltr'><strong>meritis</strong></span> <span class='ocrx_word' id='word_1_246' title='bbox 677 2139 944 2196; x_wconf 87' lang='lat' dir='ltr'><strong>pensandum</strong></span> <span class='ocrx_word' id='word_1_247' title='bbox 966 2138 1130 2181; x_wconf 87' lang='lat' dir='ltr'><strong>reddite</strong></span> <span class='ocrx_word' id='word_1_248' title='bbox 1153 2138 1320 2181; x_wconf 86' lang='lat' dir='ltr'><strong>nostris.</strong></span> 
     </span>
    </p>

    <p class='ocr_par' dir='ltr' id='par_1_33' title="bbox 159 2195 1251 2246">
     <span class='ocr_line' id='line_1_35' title="bbox 159 2195 1251 2246; baseline -0.003 -6"><span class='ocrx_word' id='word_1_249' title='bbox 159 2198 248 2240; x_wconf 88' lang='lat' dir='ltr'><strong>iam</strong></span> <span class='ocrx_word' id='word_1_250' title='bbox 269 2197 392 2240; x_wconf 84' lang='lat' dir='ltr'><strong>labor</strong></span> <span class='ocrx_word' id='word_1_251' title='bbox 414 2197 460 2240; x_wconf 87' lang='lat' dir='ltr'><strong>in</strong></span> <span class='ocrx_word' id='word_1_252' title='bbox 481 2197 566 2240; x_wconf 88' lang='lat' dir='ltr'><strong>fine</strong></span> <span class='ocrx_word' id='word_1_253' title='bbox 591 2203 668 2240; x_wconf 86' lang='lat' dir='ltr'><strong>est.</strong></span> <span class='ocrx_word' id='word_1_254' title='bbox 727 2196 941 2239; x_wconf 83' lang='lat' dir='ltr'><strong>obstantia</strong></span> <span class='ocrx_word' id='word_1_255' title='bbox 963 2196 1052 2238; x_wconf 85' lang='lat' dir='ltr'><strong>fata</strong></span> <span class='ocrx_word' id='word_1_256' title='bbox 1075 2195 1251 2246; x_wconf 87' lang='lat' dir='ltr'><strong>removi,</strong></span> 
     </span>
    </p>

    <p class='ocr_par' dir='ltr' id='par_1_34' title="bbox 158 2251 1224 2310">
     <span class='ocr_line' id='line_1_36' title="bbox 158 2251 1224 2310; baseline -0.004 -12"><span class='ocrx_word' id='word_1_257' title='bbox 158 2255 354 2310; x_wconf 82' lang='lat' dir='ltr'><strong>altaque,</strong></span> <span class='ocrx_word' id='word_1_258' title='bbox 377 2267 502 2310; x_wconf 90' lang='lat' dir='ltr'><strong>posse</strong></span> <span class='ocrx_word' id='word_1_259' title='bbox 526 2253 622 2310; x_wconf 90' lang='lat' dir='ltr'><strong>capi</strong></span> <span class='ocrx_word' id='word_1_260' title='bbox 645 2253 855 2304; x_wconf 89' lang='lat' dir='ltr'><strong>faciendo,</strong></span> <span class='ocrx_word' id='word_1_261' title='bbox 878 2253 1094 2308; x_wconf 87' lang='lat' dir='ltr'><strong>Pergama</strong></span> <span class='ocrx_word' id='word_1_262' title='bbox 1117 2251 1224 2308; x_wconf 87' lang='lat' dir='ltr'><strong>cepi.</strong></span> 
     </span>
    </p>

    <p class='ocr_par' dir='ltr' id='par_1_35' title="bbox 160 2308 1308 2368">
     <span class='ocr_line' id='line_1_37' title="bbox 160 2308 1308 2368; baseline -0.003 -14"><span class='ocrx_word' id='word_1_263' title='bbox 160 2326 239 2368; x_wconf 90' lang='lat' dir='ltr'><strong>per</strong></span> <span class='ocrx_word' id='word_1_264' title='bbox 262 2326 359 2368; x_wconf 91' lang='lat' dir='ltr'><strong>spes</strong></span> <span class='ocrx_word' id='word_1_265' title='bbox 383 2325 498 2354; x_wconf 89' lang='lat' dir='ltr'><strong>nunc</strong></span> <span class='ocrx_word' id='word_1_266' title='bbox 522 2310 658 2354; x_wconf 87' lang='lat' dir='ltr'><strong>socias</strong></span> <span class='ocrx_word' id='word_1_267' title='bbox 683 2324 918 2365; x_wconf 86' lang='lat' dir='ltr'><strong>casuraque</strong></span> <span class='ocrx_word' id='word_1_268' title='bbox 941 2309 1113 2352; x_wconf 80' lang='lat' dir='ltr'><strong>moenia</strong></span> <span class='ocrx_word' id='word_1_269' title='bbox 1132 2308 1308 2359; x_wconf 89' lang='lat' dir='ltr'><strong>Troum,</strong></span> 
     </span>
    </p>

    <p class='ocr_par' dir='ltr' id='par_1_36' title="bbox 159 2365 1631 2425">
     <span class='ocr_line' id='line_1_38' title="bbox 159 2365 1631 2425; baseline -0.001 -14"><span class='ocrx_word' id='word_1_270' title='bbox 159 2382 323 2425; x_wconf 87' lang='lat' dir='ltr'><strong>perque</strong></span> <span class='ocrx_word' id='word_1_271' title='bbox 347 2368 450 2412; x_wconf 89' lang='lat' dir='ltr'><strong>deos</strong></span> <span class='ocrx_word' id='word_1_272' title='bbox 474 2382 562 2419; x_wconf 88' lang='lat' dir='ltr'><strong>or0,</strong></span> <span class='ocrx_word' id='word_1_273' title='bbox 587 2382 694 2423; x_wconf 90' lang='lat' dir='ltr'><strong>quos</strong></span> <span class='ocrx_word' id='word_1_274' title='bbox 719 2367 830 2410; x_wconf 91' lang='lat' dir='ltr'><strong>hosti</strong></span> <span class='ocrx_word' id='word_1_275' title='bbox 852 2366 989 2423; x_wconf 84' lang='lat' dir='ltr'><strong>nuper</strong></span> <span class='ocrx_word' id='word_1_276' title='bbox 1013 2365 1166 2420; x_wconf 85' lang='lat' dir='ltr'><strong>ademi,</strong></span> <span class='ocrx_word' id='word_1_277' title='bbox 1565 2377 1631 2410; x_wconf 87' lang='lat'><strong>375</strong></span> 
     </span>
    </p>

    <p class='ocr_par' dir='ltr' id='par_1_37' title="bbox 159 2422 1367 2482">
     <span class='ocr_line' id='line_1_39' title="bbox 159 2422 1367 2482; baseline -0.002 -14"><span class='ocrx_word' id='word_1_278' title='bbox 159 2439 239 2481; x_wconf 88' lang='lat' dir='ltr'><strong>per</strong></span> <span class='ocrx_word' id='word_1_279' title='bbox 262 2424 298 2467; x_wconf 88' lang='lat' dir='ltr'><strong>si</strong></span> <span class='ocrx_word' id='word_1_280' title='bbox 321 2424 424 2480; x_wconf 86' lang='lat' dir='ltr'><strong>quid</strong></span> <span class='ocrx_word' id='word_1_281' title='bbox 448 2432 661 2482; x_wconf 88' lang='lat' dir='ltr'><strong>superest,</strong></span> <span class='ocrx_word' id='word_1_282' title='bbox 684 2424 801 2480; x_wconf 91' lang='lat' dir='ltr'><strong>quod</strong></span> <span class='ocrx_word' id='word_1_283' title='bbox 825 2423 879 2466; x_wconf 89' lang='lat' dir='ltr'><strong>sit</strong></span> <span class='ocrx_word' id='word_1_284' title='bbox 902 2423 1116 2480; x_wconf 86' lang='lat' dir='ltr'><strong>sapienter</strong></span> <span class='ocrx_word' id='word_1_285' title='bbox 1138 2422 1367 2478; x_wconf 82' lang='lat' dir='ltr'><strong>agendum,</strong></span> 
     </span>
    </p>

    <p class='ocr_par' dir='ltr' id='par_1_38' title="bbox 160 2480 1423 2538">
     <span class='ocr_line' id='line_1_40' title="bbox 160 2480 1423 2538; baseline -0.002 -14"><span class='ocrx_word' id='word_1_286' title='bbox 160 2482 199 2524; x_wconf 91' lang='lat' dir='ltr'><strong>si</strong></span> <span class='ocrx_word' id='word_1_287' title='bbox 222 2481 326 2537; x_wconf 90' lang='lat' dir='ltr'><strong>quid</strong></span> <span class='ocrx_word' id='word_1_288' title='bbox 350 2481 490 2524; x_wconf 83' lang='lat' dir='ltr'><strong>adhuc</strong></span> <span class='ocrx_word' id='word_1_289' title='bbox 514 2482 655 2524; x_wconf 85' lang='lat' dir='ltr'><strong>audax</strong></span> <span class='ocrx_word' id='word_1_290' title='bbox 680 2496 733 2524; x_wconf 86' lang='lat' dir='ltr'><strong>ex</strong></span> <span class='ocrx_word' id='word_1_291' title='bbox 756 2480 1061 2538; x_wconf 83' lang='lat' dir='ltr'><strong>praecipitique</strong></span> <span class='ocrx_word' id='word_1_292' title='bbox 1115 2480 1316 2523; x_wconf 88' lang='lat' dir='ltr'><strong>etendum</strong></span> <span class='ocrx_word' id='word_1_293' title='bbox 1341 2486 1423 2522; x_wconf 86' lang='lat' dir='ltr'><strong>est:</strong></span> 
     </span>
    </p>

    <p class='ocr_par' dir='ltr' id='par_1_39' title="bbox 164 2494 1113 2595">
     <span class='ocr_line' id='line_1_41' title="bbox 164 2494 1113 2595; baseline -0.002 -14"><span class='ocrx_word' id='word_1_294' title='bbox 164 2536 220 2595; x_wconf 87' lang='lat' dir='ltr'><strong>[si</strong></span> <span class='ocrx_word' id='word_1_295' title='bbox 243 2538 399 2582; x_wconf 84' lang='lat' dir='ltr'><strong>Troiae</strong></span> <span class='ocrx_word' id='word_1_296' title='bbox 422 2538 523 2580; x_wconf 86' lang='lat' dir='ltr'><strong>fatis</strong></span> <span class='ocrx_word' id='word_1_297' title='bbox 547 2538 707 2593; x_wconf 85' lang='lat' dir='ltr'><strong>aliquid</strong></span> <span class='ocrx_word' id='word_1_298' title='bbox 730 2546 888 2581; x_wconf 87' lang='lat' dir='ltr'><strong>restare</strong></span> <span class='ocrx_word' id='word_1_299' title='bbox 913 2494 1113 2594; x_wconf 73' lang='lat' dir='ltr'><strong>putatis]p</strong></span> 
     </span>
    </p>

    <p class='ocr_par' dir='ltr' id='par_1_40' title="bbox 159 2594 1291 2645">
     <span class='ocr_line' id='line_1_42' title="bbox 159 2594 1291 2645; baseline -0.002 -7"><span class='ocrx_word' id='word_1_300' title='bbox 159 2601 251 2638; x_wconf 87' lang='lat' dir='ltr'><strong>este</strong></span> <span class='ocrx_word' id='word_1_301' title='bbox 273 2596 358 2638; x_wconf 90' lang='lat' dir='ltr'><strong>mei</strong></span> <span class='ocrx_word' id='word_1_302' title='bbox 381 2595 608 2639; x_wconf 80' lang='lat' dir='ltr'><strong>memoresl</strong></span> <span class='ocrx_word' id='word_1_303' title='bbox 634 2603 708 2638; x_wconf 87' lang='lat' dir='ltr'><strong>aut</strong></span> <span class='ocrx_word' id='word_1_304' title='bbox 732 2595 768 2637; x_wconf 91' lang='lat' dir='ltr'><strong>si</strong></span> <span class='ocrx_word' id='word_1_305' title='bbox 790 2594 895 2637; x_wconf 90' lang='lat' dir='ltr'><strong>mihi</strong></span> <span class='ocrx_word' id='word_1_306' title='bbox 917 2608 1002 2637; x_wconf 92' lang='lat' dir='ltr'><strong>non</strong></span> <span class='ocrx_word' id='word_1_307' title='bbox 1027 2594 1136 2636; x_wconf 90' lang='lat' dir='ltr'><strong>datis</strong></span> <span class='ocrx_word' id='word_1_308' title='bbox 1160 2609 1291 2645; x_wconf 88' lang='lat' dir='ltr'><strong>arma,</strong></span> 
     </span>
    </p>

    <p class='ocr_par' dir='ltr' id='par_1_41' title="bbox 160 2651 1632 2766">
     <span class='ocr_line' id='line_1_43' title="bbox 160 2651 1632 2708; baseline 0.002 -14"><span class='ocrx_word' id='word_1_309' title='bbox 160 2651 262 2694; x_wconf 88' lang='lat' dir='ltr'><strong>huic</strong></span> <span class='ocrx_word' id='word_1_310' title='bbox 285 2651 422 2695; x_wconf 79' lang='lat' dir='ltr'><strong>datei’</strong></span> <span class='ocrx_word' id='word_1_311' title='bbox 446 2676 505 2683; x_wconf 91' lang='lat'>—</span> <span class='ocrx_word' id='word_1_312' title='bbox 528 2659 569 2696; x_wconf 91' lang='lat' dir='ltr'><strong>et</strong></span> <span class='ocrx_word' id='word_1_313' title='bbox 594 2652 778 2695; x_wconf 89' lang='lat' dir='ltr'><strong>ostendit</strong></span> <span class='ocrx_word' id='word_1_314' title='bbox 800 2652 972 2708; x_wconf 86' lang='lat' dir='ltr'><strong>signum</strong></span> <span class='ocrx_word' id='word_1_315' title='bbox 994 2651 1123 2694; x_wconf 88' lang='lat' dir='ltr'><strong>fatale</strong></span> <span class='ocrx_word' id='word_1_316' title='bbox 1146 2651 1383 2694; x_wconf 87' lang='lat' dir='ltr'><strong>Minervae.</strong></span> <span class='ocrx_word' id='word_1_317' title='bbox 1564 2664 1632 2697; x_wconf 87' lang='lat'><strong>380</strong></span> 
     </span>
     <span class='ocr_line' id='line_1_44' title="bbox 218 2707 1474 2766; baseline -0.001 -14"><span class='ocrx_word' id='word_1_318' title='bbox 218 2708 344 2752; x_wconf 90' lang='lat' dir='ltr'><strong>Mota</strong></span> <span class='ocrx_word' id='word_1_319' title='bbox 366 2724 519 2752; x_wconf 88' lang='lat' dir='ltr'><strong>manus</strong></span> <span class='ocrx_word' id='word_1_320' title='bbox 542 2723 766 2766; x_wconf 88' lang='lat' dir='ltr'><strong>procerum</strong></span> <span class='ocrx_word' id='word_1_321' title='bbox 791 2716 874 2760; x_wconf 91' lang='lat' dir='ltr'><strong>est;</strong></span> <span class='ocrx_word' id='word_1_322' title='bbox 900 2716 942 2752; x_wconf 89' lang='lat' dir='ltr'><strong>et</strong></span> <span class='ocrx_word' id='word_1_323' title='bbox 965 2707 1070 2764; x_wconf 85' lang='lat' dir='ltr'><strong>quid</strong></span> <span class='ocrx_word' id='word_1_324' title='bbox 1093 2707 1295 2752; x_wconf 82' lang='lat' dir='ltr'><strong>facundia</strong></span> <span class='ocrx_word' id='word_1_325' title='bbox 1317 2715 1474 2766; x_wconf 90' lang='lat' dir='ltr'><strong>posset,</strong></span> 
     </span>
    </p>

    <p class='ocr_par' dir='ltr' id='par_1_42' title="bbox 160 2765 1200 2823">
     <span class='ocr_line' id='line_1_45' title="bbox 160 2765 1200 2823; baseline 0.001 -16"><span class='ocrx_word' id='word_1_326' title='bbox 160 2779 206 2808; x_wconf 86' lang='lat' dir='ltr'><strong>re</strong></span> <span class='ocrx_word' id='word_1_327' title='bbox 229 2765 384 2822; x_wconf 86' lang='lat' dir='ltr'><strong>patuit:</strong></span> <span class='ocrx_word' id='word_1_328' title='bbox 409 2765 616 2823; x_wconf 85' lang='lat' dir='ltr'><strong>fortisque</strong></span> <span class='ocrx_word' id='word_1_329' title='bbox 639 2765 720 2809; x_wconf 89' lang='lat' dir='ltr'><strong>viri</strong></span> <span class='ocrx_word' id='word_1_330' title='bbox 743 2766 839 2809; x_wconf 87' lang='lat' dir='ltr'><strong>tulit</strong></span> <span class='ocrx_word' id='word_1_331' title='bbox 863 2781 982 2809; x_wconf 87' lang='lat' dir='ltr'><strong>arma</strong></span> <span class='ocrx_word' id='word_1_332' title='bbox 1006 2765 1200 2808; x_wconf 90' lang='lat' dir='ltr'><strong>disertus.</strong></span> 
     </span>
    </p>
   </div>
   <div class='ocr_carea' id='block_1_3' title="bbox 13 0 154 1431">
    <p class='ocr_par' dir='ltr' id='par_1_43' title="bbox 13 0 154 1431">
     <span class='ocr_line' id='line_1_46' title="bbox 13 0 154 1431; baseline 0 0"><span class='ocrx_word' id='word_1_333' title='bbox 13 0 154 1431; x_wconf 95' lang='lat' dir='ltr'><strong> </strong></span> 
     </span>
    </p>
   </div>
   <div class='ocr_carea' id='block_1_4' title="bbox 5 1436 58 2003">
    <p class='ocr_par' dir='ltr' id='par_1_44' title="bbox 5 1436 58 2003">
     <span class='ocr_line' id='line_1_47' title="bbox 5 1436 58 2003; baseline 0 1239"><span class='ocrx_word' id='word_1_334' title='bbox 5 1436 58 2003; x_wconf 95' lang='lat' dir='ltr'><strong> </strong></span> 
     </span>
    </p>
   </div>
   <div class='ocr_carea' id='block_1_5' title="bbox 10 2507 28 2959">
    <p class='ocr_par' dir='ltr' id='par_1_45' title="bbox 0 2507 35 2959">
     <span class='ocr_line' id='line_1_48' title="bbox 10 2507 28 2959; textangle 90"><span class='ocrx_word' id='word_1_335' title='bbox 10 2651 28 2959; x_wconf 42' lang='lat' dir='ltr'><strong>m„</strong></span> <span class='ocrx_word' id='word_1_336' title='bbox 15 2575 19 2582; x_wconf 29' lang='lat' dir='ltr'><strong>A</strong></span> <span class='ocrx_word' id='word_1_337' title='bbox 18 2507 22 2514; x_wconf 89' lang='lat'>.</span> 
     </span>
    </p>
   </div>
  </div>
 </body>
</html>
