1774 3256
391 264 448 307 34
833 273 1066 310 P.0V1D11
1090 272 1305 310 NASONIS

391 354 512 409 plura
534 353 668 408 loqui,
693 354 892 408 vocisque
915 369 1034 396 meae
1058 354 1341 420 praecluditur
1364 368 1479 398 usus.

391 424 475 451 non
499 409 666 452 fuerant
690 418 798 452 artes
822 410 945 458 tanti,
970 424 1079 464 quae
1102 410 1284 452 numinis
1308 410 1414 452 iram
1455 456 1457 459 ,
1492 447 1494 449 .
1540 451 1545 453 ,

302 478 367 510 660
392 473 635 508 contraxere
658 465 780 516 1111111,
803 467 972 508 mallem
995 466 1178 508 nescisse
1201 466 1357 508 futura.

390 522 475 563 iam
498 522 600 563 mihi
625 522 802 563 subduci
826 522 955 565 facies
979 522 1164 564 humana
1187 522 1366 572 videtur,

389 578 475 619 iam
499 577 616 619 cibus
640 578 771 620 herba
793 579 950 634 placet,
972 578 1057 620 iam
1080 579 1174 620 latis
1198 593 1363 621 currere
1386 578 1547 635 campis

389 634 571 689 impetus
596 641 671 677 est.
728 635 772 675 in
797 648 948 689 equam
972 642 1235 690 cognataque
1259 649 1434 690 corpora
1456 642 1608 678 vertor.

390 697 477 731 tota
500 698 642 733 tamen
666 691 821 745 quare?
843 699 963 746 pater
986 700 1050 733 est
1072 691 1175 733 mihi
1198 706 1350 747 nempe
1373 690 1563 734 biformis
1584 692 1658 723 —'

302 758 365 790 665
391 747 491 788 talia
515 746 669 788 dicenti
692 762 789 802 pars
815 755 878 789 est
901 755 1088 790 extrema
1112 748 1306 801 querelae

389 803 601 845 intellecta
624 818 793 858 parum,
818 804 1077 858 confusaque
1100 804 1231 846 verba
1254 804 1444 847 fuerunt:

388 873 488 900 mox
510 874 588 902 nec
612 860 741 901 verba
764 860 933 914 quidem
956 875 1034 902 nec
1058 874 1191 914 equae
1215 874 1342 902 sonus
1364 860 1434 903 ille
1458 860 1640 912 videtur,

389 915 463 957 sed
488 916 720 957 simulantis
745 930 917 970 equam.
941 931 1155 971 parvoque
1177 916 1223 957 in
1245 923 1433 972 tempore
1456 924 1592 960 certos

389 972 518 1013 edidit
542 971 727 1014 hinnitus
752 980 793 1014 et
817 972 1012 1014 bracchia
1033 973 1165 1014 movit
1188 972 1232 1013 in
1254 972 1420 1015 herbas.

299 1041 365 1073 670
389 1035 478 1069 turn
504 1028 624 1083 digiti
648 1032 799 1070 coe'unt
823 1036 865 1071 et
889 1029 1074 1083 quinos
1062 1029 1205 1084 alligat
1228 1043 1397 1094 ungues

388 1092 591 1139 perpetuo
616 1099 746 1126 cornu
769 1085 872 1126 levis
897 1085 1076 1140 ungula3
1102 1085 1250 1126 crescit
1273 1092 1315 1127 et
1338 1084 1421 1127 oris
1452 1095 1454 1097 ’

388 1147 429 1182 et
452 1141 546 1182 colli
571 1141 770 1196 spatium3
794 1141 945 1196 longae
969 1156 1066 1206 pars
1089 1141 1273 1182 maxima
1296 1141 1432 1196 pallae

387 1197 522 1238 cauda
545 1197 604 1238 fit.
662 1204 792 1251 utque
816 1198 915 1253 vagi
938 1198 1072 1239 crines
1096 1212 1172 1252 per
1195 1197 1302 1239 colla
1323 1197 1528 1248 iacebant,

385 1252 430 1294 in
455 1253 604 1295 densas
630 1253 769 1295 abiere
793 1233 934 1303 iubas;
957 1254 1196 1309 pariterque
1219 1261 1375 1296 novata
1397 1261 1461 1296 est

297 1321 360 1353 675
387 1316 427 1351 et
452 1324 535 1350 vox
559 1318 601 1351 et
624 1309 772 1351 facies:
798 1324 951 1352 nomen
975 1323 1144 1364 quoque
1168 1317 1354 1352 monstra
1377 1310 1543 1353 dedere.

441 1365 594 1407 Flebat
617 1380 824 1420 opemque
843 1373 960 1408 tuam
977 1367 1132 1408 frustra
1149 1366 1389 1421 Philyreius
1407 1366 1544 1416 herm,
1604 1361 1747 1424 Battus*-p>

384 1420 615 1486 Delphice,
640 1422 854 1477 poscebat.
912 1438 1011 1463 nam
1035 1437 1113 1464 nec
1136 1423 1371 1465 rescindere
1395 1423 1539 1478 magni

384 1477 499 1519 iussa
522 1478 636 1519 Iovis
660 1485 847 1533 poteras,
870 1493 967 1528 nec,
993 1479 1027 1519 si
1050 1479 1286 1521 rescindere
1310 1493 1469 1534 posses,

383 1541 484 1575 tunc
508 1534 668 1576 aderas.
727 1534 839 1575 Elim
864 1535 1162 1589 Messeniaque
1186 1550 1287 1577 arva
1310 1535 1490 1577 colebas.

294 1603 359 1635 680
383 1590 487 1631 illud
512 1599 600 1633 erat
624 1599 810 1646 tempus,
837 1605 919 1644 quo
944 1599 984 1633 te
1009 1592 1192 1647 pastoria
1214 1591 1334 1647 pellis

383 1647 505 1695 texit,
530 1661 721 1701 onusque
744 1647 824 1688 fuit
848 1648 1022 1689 baculus
1047 1648 1234 1690 silvestre
1259 1647 1462 1697 sinistrae,

384 1703 552 1745 alterius
578 1704 719 1758 dispar
743 1703 925 1759 septenis
948 1704 1089 1745 fistula
1112 1704 1270 1746 cannis.

384 1759 568 1813 dumque
593 1774 710 1801 amor
733 1768 795 1801 est
820 1774 963 1809 curae,
989 1760 1090 1801 dum
1118 1767 1161 1800 te
1190 1768 1264 1802 tua
1286 1759 1427 1802 fistula
1449 1760 1618 1811 mulcet,

380 1815 658 1857 incustoditae
681 1815 827 1870 Pylios
851 1823 1135 1857 memorantur
1157 1816 1201 1857 in
1224 1830 1348 1871 agros

292 1885 356 1916 685
381 1871 633 1926 processisse
655 1871 799 1913 boves.
858 1872 973 1913 videt
996 1872 1070 1913 has
1095 1872 1314 1913 Atlantide
1336 1871 1458 1915 Maia

380 1934 504 1969 natus
529 1935 571 1969 et
595 1934 683 1971 arte
708 1942 785 1969 sua
809 1927 923 1969 silvis
948 1928 1129 1970 occultat
1152 1928 1335 1970 abactas.

381 1990 567 2026 senserat
589 1983 669 2026 hoc
693 1984 852 2025 furtum
875 1999 1019 2033 nemo,
1043 1984 1124 2025 nisi
1147 1991 1270 2026 notus
1295 1985 1338 2025 in
1361 1983 1433 2026 illo

380 2054 476 2081 rure
501 2055 647 2090 senex3
673 2041 848 2081 Battum
871 2040 1025 2082 vicinia
1049 2048 1137 2082 tota
1160 2041 1381 2082 vocabant.

381 2096 520 2137 divitis
545 2096 613 2138 hic
638 2097 768 2138 saltus
793 2096 1055 2150 herbosaque
1078 2111 1237 2151 pascua
1259 2096 1382 2138 Nelei

290 2165 356 2197 690
380 2152 665 2206 nobiliumque
689 2167 841 2208 greges
866 2159 1005 2194 custos
1031 2153 1225 2194 servabat
1248 2167 1464 2207 equarum.

378 2208 492 2250 hunc
515 2209 652 2250 timuit
677 2208 914 2263 blandaque
937 2224 1066 2250 manu
1091 2209 1257 2250 seduxit
1280 2217 1322 2251 et
1344 2208 1404 2250 illi

378 2265 586 2319 ‘quisquis
611 2280 675 2315 es,
699 2265 878 2320 hospes:
902 2265 973 2314 ait,
998 2265 1052 2306 ‘si
1075 2265 1183 2307 forte
1207 2272 1396 2307 armenta
1417 2264 1600 2319 requiret

377 2320 482 2362 haec
506 2321 677 2375 aliquis,
703 2321 857 2362 vidisse
880 2335 1003 2376 nega.
1061 2335 1145 2363 neu
1168 2321 1304 2376 gratia
1327 2320 1439 2362 facto

376 2377 493 2419 nulla
515 2378 781 2433 rependatur,
805 2377 980 2418 nitidam
1004 2391 1108 2432 cape
1130 2377 1318 2432 praemia
1340 2375 1540 2427 vaccam,’

286 2447 351 2479 695
378 2441 419 2475 et
443 2433 570 2476 dedit.
630 2441 820 2498 accepta
827 2448 951 2475 voces
975 2433 1050 2475 has
1074 2433 1256 2475 reddidit
1277 2432 1450 2488 hospes.

377 2494 511 2531 ‘tutus
536 2505 619 2532 eas.
678 2490 784 2545 lapis
808 2489 886 2532 iste
909 2490 1024 2544 prius
1048 2496 1122 2531 tua
1143 2489 1257 2531 furta
1279 2487 1500 2543 loquetur‚’

376 2553 418 2587 et
440 2546 624 2601 lapidem
649 2546 842 2588 ostendit..
901 2545 1069 2587 simulat
1090 2545 1194 2587 Iove
1217 2553 1341 2587 natus
1365 2545 1495 2595 abire,

375 2616 474 2643 mox
498 2602 606 2644 redit
629 2610 671 2644 et
694 2617 816 2644 versa
839 2602 995 2657 pariter
1019 2616 1117 2643 cum
1141 2616 1244 2644 voce
1266 2602 1405 2657 figura

376 2658 566 2706 ‘rustice‚
592 2658 733 2699 vidisti
758 2658 794 2699 si
817 2672 922 2712 quas
947 2657 1026 2699 hoc
1049 2657 1199 2700 limite'
1224 2657 1328 2699 dixit

284 2729 349 2760 700
374 2715 453 2755 ‘ire
477 2714 628 2764 boves,
653 2714 717 2756 fer
740 2728 863 2768 opem
886 2713 1083 2768 furtoque
1108 2714 1271 2756 silentia
1295 2713 1428 2756 deme.

371 2771 515 2812 iuncta
539 2784 615 2812 suo
640 2770 820 2825 pretium
845 2770 1012 2811 dabitur
1036 2770 1112 2811 tibi
1135 2769 1292 2812 femina
1315 2768 1463 2812 tauro.’

1732 1861 1739 1867 ,
1731 1805 1736 1811 -
1729 1738 1735 1748 ι
1733 1683 1736 1685 ,

1748 1934 1750 1941 ⁷
1746 1757 1755 1879 1.,.«.ς.
1748 1716 1761 1733 <A
