1774 3256
295 247 378 291 108
736 254 777 289 Ρ.
805 252 970 290 OVIDII
992 251 1210 290 NASONIS

294 343 472 392 spectat,
497 342 539 378 et
561 335 603 376 in
628 335 749 376 vultu
772 333 903 376 veluti
926 340 1015 375 tum
1039 332 1219 386 denique
1243 332 1334 375 viso

293 392 452 434 lumina
475 391 560 432 fixa
583 398 714 440 tenet,
738 404 816 432 nec
840 404 885 432 se
908 389 1099 430 mortalia
1123 389 1295 431 demens

294 463 367 490 ora
391 447 532 489 videre
556 454 695 502 putat,
719 460 798 488 nec
822 460 866 487 se
891 445 1071 487 declinat
1094 444 1148 487 ab
1170 445 1255 487 illo.

293 512 342 546 ut
365 518 465 546 vero
489 502 710 558 coepitque
732 502 849 556 loqui
873 501 1147 556 dextramque
1170 500 1392 557 prehendit

227 572 271 604 90
294 560 448 615 hospes
473 566 514 601 et
537 559 740 600 auxilium
765 558 988 600 summissa
1010 572 1114 599 voce
1136 557 1302 613 rogavit

293 615 565 672 promisitque
589 623 746 664 torum,
769 614 951 657 lacrimis
975 613 1032 655 ait
1054 613 1127 655 illa
1148 613 1351 669 profusis:

295 672 418 726 ‘quid
440 671 612 722 faciam,
636 671 779 722 vide03
809 685 888 713 nec
910 685 978 712 me
1000 670 1237 726 ignorantia
1259 669 1349 711 veri

295 728 494 784 decipiet,
519 728 592 770 sed
616 742 745 769 amor.
804 727 1025 770 servabere
1048 741 1222 769 munere
1245 732 1409 768 nostro:

297 791 485 827 servatus
509 784 714 839 promissa
737 783 861 825 dato?
919 798 995 839 per
1019 797 1138 824 sacra
1161 782 1360 825 triformis

229 853 271 885 95
295 841 364 883 ille
388 841 511 890 deae,
534 840 715 894 lucoque
738 840 847 882 foret
870 840 985 894 quod
1006 854 1163 881 numen
1185 838 1229 880 in
1251 838 1337 889 illo,

295 910 453 952 perque
477 904 638 952 patrem
662 896 795 939 soceri
819 903 1058 938 cernentem
1082 903 1232 937 cuncta
1254 894 1401 945 futuri,

297 960 555 1007 eventusque
580 966 677 994 suos
702 960 742 994 et
765 960 882 994 tanta
904 952 1090 1008 pericula
1112 951 1234 993 iurat.

297 1009 478 1051 creditus
503 1009 664 1064 accepit
688 1016 875 1050 cantatas
900 1008 1088 1064 protinus
1112 1008 1265 1050 herbas

297 1065 550 1119 edidicitque
574 1080 698 1106 usum
720 1065 936 1118 laetusque
961 1065 1004 1106 in
1027 1071 1138 1106 tecta
1161 1063 1345 1106 recessit.

208 1134 273 1166 100
353 1121 531 1163 Postera
555 1121 771 1176 depulerat
796 1121 935 1163 stellas
960 1135 1111 1162 aurora
1134 1120 1354 1163 micantes:

298 1178 551 1219 conveniunt
574 1177 719 1232 populi
743 1191 907 1219 sacrum
931 1177 1138 1218 Mavortis
1160 1177 1205 1218 in
1229 1191 1377 1218 arvum

298 1234 612 1287 consistuntque
636 1233 760 1288 iugis.
818 1233 957 1275 medio
980 1248 1055 1275 rex
1078 1233 1168 1288 ipse
1191 1233 1347 1275 resedit.

298 1290 466 1346 agmine
490 1304 726 1345 purpureus
750 1298 999 1345 sceptroque
1021 1289 1197 1344 insignis
1221 1289 1395 1331 eburno.

298 1361 396 1388 ecce
421 1346 680 1388 adamanteis
705 1346 941 1388 Volcanum
965 1345 1136 1387 naribus
1161 1345 1305 1387 efflant

209 1415 273 1447 105
299 1402 515 1457 aeripedes
539 1402 667 1451 tauri,
692 1409 912 1455 tactaeque
938 1401 1162 1457 vaporibus
1187 1401 1343 1443 herbae

299 1459 458 1501 ardent.
516 1466 646 1512 utque
671 1459 804 1500 solent
827 1458 1156 1513 pleni'resonare
1180 1457 1346 1508 camini,

299 1522 371 1556 aut
395 1515 468 1556 ubi
493 1521 658 1556 terrena
682 1514 818 1557 silices
842 1514 1012 1556 fornace
1037 1514 1161 1555 soluti

299 1571 539 1626 concipiunt
561 1571 704 1626 ignem
727 1571 982 1624 liquidarum
1007 1570 1227 1626 aspergine
1252 1583 1476 1624 aquarum=

298 1635 470 1683 pectora
494 1628 554 1668 sic
577 1628 688 1669 intus
713 1627 877 1669 clausas
901 1627 1112 1669 volventia
1135 1627 1324 1668 flammas

210 1696 275 1728 110
298 1691 552 1740 gutturaque
576 1691 672 1725 usta
695 1692 858 1725 sonant.
917 1691 1058 1725 tamen
1081 1683 1162 1724 illis
1185 1684 1357 1725 Aesone
1379 1689 1505 1725 natus

299 1740 449 1782 obvius
472 1740 518 1781 it.
577 1748 738 1782 vertere
762 1746 900 1782 truces
923 1739 1128 1781 venientis
1153 1739 1208 1780 ad
1231 1754 1306 1781 ora

298 1796 503 1838 terribiles
526 1796 668 1837 vultus
692 1795 961 1850 praefixaque
985 1809 1143 1837 cornua
1165 1795 1289 1844 ferro,
1311 1799 1315 1809 “

298 1853 629 1908 pulvereumque
653 1854 789 1893 solum
812 1852 919 1907 pede
942 1851 1163 1906 pulsavere
1188 1851 1348 1893 bisulco

299 1908 579 1962 fumificisque
602 1908 741 1949 locum
765 1907 996 1963 mugitibus
1020 1907 1310 1962 impleverunt.

210 1976 274 2007 115
301 1964 520 2019 deriguere
545 1971 659 2006 metu
682 1964 870 2018 Minyae.
930 1964 1042 2005 subit
1066 1964 1134 2005 ille
1158 1978 1237 2005 nec
1259 1964 1380 2018 ignes

299 2021 423 2063 sentit
447 2020 662 2062 anhelatos
686 2019 868 2073 (tantum
892 2020 1170 2062 medicamina
1192 2020 1387 2075 possunt)

298 2077 566 2133 pendulaque
592 2076 741 2118 audaci
765 2076 920 2118 mulcet
943 2076 1127 2131 palearia
1150 2075 1310 2125 dextra,

300 2133 619 2188 suppositosque
642 2133 743 2187 iugo
767 2132 931 2187 pondus
954 2147 1083 2187 grave
1108 2132 1221 2188 cogit
1243 2131 1369 2174 aratri

300 2189 452 2231 ducere
477 2196 517 2231 et
541 2189 752 2229 insuetum
776 2189 887 2230 ferro
910 2188 1177 2243 proscindere
1201 2202 1412 2244 campum.

210 2257 275 2290 120
299 2246 502 2287 mirantur
528 2243 695 2286 Colchi:
720 2245 894 2300 Minyae
919 2244 1171 2287 clamoribus
1195 2252 1353 2300 augent

300 2302 568 2356 adiciuntque
593 2301 766 2343 animos.
825 2301 947 2356 galea
971 2308 1061 2342 tum
1085 2301 1211 2343 sumit
1235 2304 1342 2343 ae'na

299 2358 488 2414 vipereos
513 2357 658 2399 dentes
683 2364 723 2399 et
747 2365 884 2399 aratos
910 2357 1071 2413 spargit
1093 2357 1136 2399 in
1161 2371 1299 2413 agros.

299 2414 459 2456 semina
482 2413 615 2455 mollit
638 2413 792 2455 humus
815 2414 954 2455 valido
977 2413 1207 2469 praetincta
1230 2427 1408 2464 veneno,

300 2478 341 2513 et
365 2477 575 2519 crescunt,
599 2470 789 2524 fiuntque
813 2470 892 2511 sati
915 2484 1025 2511 nova
1049 2484 1224 2525 corpora
1247 2469 1408 2512 dentes.

210 2540 274 2571 125
300 2534 430 2581 utque
454 2526 632 2568 hominis
658 2526 841 2581 speciem
863 2533 1052 2568 materna
1075 2525 1201 2567 sumit
1223 2525 1267 2567 in
1290 2526 1386 2568 alvo

299 2597 458 2638 perque
483 2596 580 2624 suos
604 2582 716 2624 intus
743 2596 940 2625 numeros
964 2582 1228 2638 componitur
1249 2581 1403 2632 infans,

299 2653 377 2680 nec
400 2638 480 2680 nisi
504 2645 692 2680 maturus
716 2653 958 2680 communes
982 2638 1067 2680 exit
1089 2638 1132 2679 in
1156 2653 1297 2680 auras:
1393 2646 1401 2650 ’

302 2695 361 2736 sic
385 2695 457 2736 ubi
480 2694 709 2736 visceribus
734 2695 933 2750 gravidae
957 2694 1114 2737 telluris
1137 2694 1280 2750 imago

301 2750 454 2794 effecta
478 2757 541 2793 est
564 2750 763 2802 hominis,
786 2750 873 2794 feto
898 2751 1112 2807 consurgit
1134 2750 1179 2792 in
1202 2764 1303 2793 arvo
1309 2765 1324 2800 3

1745 567 1758 588 'J

1732 636 1742 645 0
1772 643 1774 646 .

1761 643 1774 1023 Ι

1758 1023 1774 1128 tama.-

1749 1142 1774 1252 Asa—2

1755 1562 1765 1587 ²³
1747 1411 1774 1549 wrm
1751 1349 1774 1421 'ki-⁴0⁴⁴

1753 2055 1774 2070 ³⁴
1767 1977 1774 2000 ἰτ
1767 1952 1774 1970 υ-
1768 1895 1774 1935 -κῑη
1765 1827 1774 1885 s-I?
1766 1694 1774 1821 *vra-miv.
