1774 3256
341 233 398 276 96
783 238 828 274 Ρ.
855 236 1021 275 OV1D11
1043 235 1259 274 NASONIS

374 319 533 364 ascere’
558 319 635 370 ait,
660 318 867 373 ‘satiaque
891 332 986 360 meo
1010 324 1084 359 tua
1106 324 1278 373 pectora
1299 316 1431 361 luctu.

342 337 520 434 {corque
544 376 682 418 ferum
704 374 828 416 satia’
854 373 977 416 dixit:
1003 378 1098 429 ‘per
1121 373 1271 416 funera
1294 371 1474 431 septem]

343 433 507 476 efferor.
564 431 707 474 exulta
729 430 982 484 victrixque,
1005 429 1193 480 inimica,
1217 428 1446 486 triumpha!

343 505 418 532 cur
441 495 583 531 autem
606 486 779 530 victrix?
802 486 979 528 miserae
1002 486 1105 527 mihi
1127 486 1249 542 plura
1272 493 1512 542 supersunt,

251 559 318 591 285
343 560 472 600 quam
494 544 571 587 tibi
594 543 719 586 felici.
778 550 874 599 post
897 549 959 585 tot
982 556 1151 597 quoque
1174 542 1325 585 funera
1348 541 1498 586 vinco!

343 602 523 651 dixerat,
549 607 591 643 et
614 599 753 642 sonuit
776 606 971 642 contento
994 614 1149 641 nervus
1173 598 1227 640 ab
1251 612 1370 640 arcu:

342 658 416 712 qui
438 663 604 713 praeter
625 656 793 698 Nioben
816 671 945 697 unam
969 655 1197 698 conterruit
1220 669 1384 705 omnes;

341 714 413 756 illa
436 713 547 755 malo
571 720 635 755 est
659 712 811 754 audax.
871 712 1039 754 stabant
1063 726 1160 754 cum
1185 710 1372 753 vestibus
1396 709 1498 754 atris

343 777 439 813 ante
463 777 575 812 toros
599 769 777 811 fratrum
801 768 983 811 demisso
1008 768 1121 810 crine
1146 782 1322 810 sorores.

253 839 319 872 290
344 842 367 869 e
391 826 545 881 quibus
567 841 654 868 una
677 825 846 868 trahens
870 824 1084 867 haerentia
1109 824 1268 866 viscere
1292 823 1376 867 tela

340 883 537 938 imposito
560 881 680 924 fratri
703 882 954 924 moribunda
976 880 1186 937 relanguit
1210 895 1295 923 ore.

341 940 472 981 altera
496 938 620 981 solari
644 938 840 981 miseram
865 945 1015 980 conata
1037 944 1255 993 parentem

340 995 541 1038 conticuit
565 995 703 1037 subito
728 995 1023 1050 duplicataque
1047 993 1219 1036 vulnere
1244 1007 1369 1035 caeco
1393 999 1470 1035 est.

342 1050 520 1108 [oraque
544 1051 809 1107 compressit,
833 1051 914 1093 nisi
937 1057 1161 1106 postquam
1186 1049 1356 1105 spiritus
1379 1046 1501 1105 ibat-J

250 1121 316 1153 295
339 1109 445 1151 haec
467 1108 624 1150 frustra
646 1107 814 1163 fugiens
839 1107 1077 1149 collabitur:
1101 1106 1173 1148 illa
1197 1106 1329 1148 sorori

339 1164 591 1206 immoritur:
615 1164 718 1206 latet
740 1164 863 1206 haec:
888 1164 1003 1205 illam
1026 1170 1088 1205 tre
1119 1163 1235 1204 idare
1259 1162 1436 1205 videres.

340 1234 498 1275 sexque
523 1220 631 1262 datis
655 1221 738 1263 leto
763 1220 1011 1274 diversaque
1034 1234 1080 1262 vi
1108 1234 1210 1261 nera
1233 1218 1368 1274 passis

338 1277 488 1319 ultima
509 1277 706 1319 restabat·
765 1290 893 1330 quam
916 1283 1004 1318 toto
1029 1290 1202 1331 corpore
1226 1282 1373 1325 mater,

338 1341 427 1376 tota
449 1340 565 1375 veste
588 1340 735 1388 tegens
761 1337 910 1374 ‘unam
933 1332 1235 1386 minimamque
1257 1329 1466 1386 relinque!

248 1402 316 1435 800
339 1389 391 1432 de
414 1390 557 1431 multis
580 1389 797 1431 minimam
820 1388 966 1444 posco'
992 1388 1190 1430 clamavit
1208 1391 1276 1430 ‘et
1298 1386 1453 1429 unam!

338 1446 523 1500 dumque
546 1453 687 1501 rogat,
711 1460 786 1502 pro
811 1460 894 1500 qua
917 1451 1058 1500 rogat,
1083 1444 1250 1487 occidit.
1308 1443 1412 1486 orba
1434 1442 1592 1487 resedit

339 1503 553 1544 exanimes
577 1502 685 1544 inter
707 1509 828 1544 natos
852 1508 1056 1556 natasque
1081 1501 1316 1555 virumque,

338 1559 604 1615 deriguitque
627 1558 762 1600 malis.
820 1558 957 1599 nullos
981 1564 1124 1599 movet
1147 1572 1251 1599 aura
1274 1555 1461 1613 capillos,

335 1615 380 1656 in
403 1615 523 1657 vultu
547 1615 661 1658 color
685 1621 749 1657 est
772 1614 861 1657 sine
886 1613 1104 1670 sanguine,
1128 1614 1290 1655 lumina
1311 1612 1482 1655 maestis

248 1683 314 1715 305
340 1679 452 1714 stant
472 1672 647 1714 immota
669 1671 790 1727 genis
797 1687 809 1721 ;
833 1671 938 1712 nihil
962 1677 1025 1712 est
1047 1670 1090 1712 in
1114 1670 1299 1725 imagine
1323 1669 1482 1713 vivum.

335 1728 429 1783 ipsa
453 1742 622 1782 quoque
646 1727 820 1770 interius
844 1742 941 1769 cum
965 1727 1071 1768 duro
1094 1726 1241 1782 lingua
1263 1726 1404 1782 palato

337 1785 550 1840 congelat,
576 1791 617 1826 et
641 1799 773 1826 venae
798 1783 1003 1826 desistunt
1029 1797 1150 1838 posse
1173 1782 1346 1825 moveri.

335 1855 414 1882 nec
437 1840 547 1883 flecti
571 1840 732 1890 cerviX,
758 1854 836 1882 nec
860 1839 1057 1881 bracchia
1079 1839 1254 1881 reddere
1277 1845 1431 1889 motus,

334 1911 414 1938 nec
437 1911 511 1952 pes
535 1897 595 1939 ire
619 1903 775 1952 potest,
800 1897 910 1938 intra
932 1910 1102 1950 quoque
1126 1895 1288 1938 viscera
1310 1910 1461 1937 saxum
1485 1901 1564 1939 est.

245 1966 311 1998 310
334 1953 407 1995 flet
429 1960 584 2003 tamen,
607 1960 649 1995 et
672 1952 801 1994 validi
824 1952 1082 1994 circumdata
1105 1951 1272 1994 turbine
1294 1951 1411 1994 venti

334 2009 378 2050 in
402 2009 581 2065 patriam
603 2017 725 2064 rapta
749 2016 824 2051 est.
883 2008 943 2050 ibi
965 2008 1051 2050 fixa
1075 2008 1293 2050 cacumine
1316 2007 1470 2050 montis

333 2065 519 2119 liquitur,
545 2073 587 2108 et
610 2065 804 2108 lacrimas
829 2065 956 2107 etiam
978 2079 1091 2107 nunc
1114 2079 1325 2106 marmora
1349 2070 1538 2106 manant.

390 2121 513 2163 Tunc
536 2136 636 2164 vero
661 2121 800 2164 cuncti
822 2121 1091 2163 manifestam
1114 2121 1297 2164 numinis
1320 2121 1427 2163 iram
1534 2118 1699 2174 Aymflae

333 2177 491 2219 femina
508 2178 655 2232 virque
674 2177 836 2228 timent,
856 2178 1056 2232 cultuque
1073 2177 1304 2233 impensius
1323 2191 1469 2220 omnes
1562 2165 1672 2209 Lym·

243 2248 308 2280 315
333 2249 488 2290 magna
511 2234 808 2290 gemelliparae
832 2242 1085 2276 venerantur
1107 2233 1281 2276 numina
1304 2234 1439 2277 divae.

332 2297 464 2344 utque
487 2290 553 2341 fit,
578 2306 603 2332 a
627 2291 739 2333 facto
763 2290 958 2346 propiore
981 2290 1121 2346 priora
1144 2297 1374 2333 renarrant.

332 2361 356 2388 e
379 2347 534 2400 quibus
558 2362 667 2389 unus
693 2347 768 2389 ait:
796 2347 977 2402 ‘Lyciae
1002 2361 1172 2402 quoque
1197 2346 1344 2389 fertilis
1368 2345 1482 2402 agris

330 2417 416 2444 non
440 2403 612 2459 impune
638 2403 761 2445 deam
785 2411 948 2445 veteres
973 2418 1167 2458 sprevere
1193 2403 1342 2445 coloni.

330 2474 397 2500 res
421 2460 601 2501 obscura
624 2460 795 2515 quidem
820 2467 882 2502 est
905 2460 1168 2515 ignobilitate
1192 2459 1391 2510 virorum,

243 2528 306 2561 320
331 2515 437 2557 mira
460 2523 614 2558 tamen.
674 2516 760 2558 vidi
783 2531 982 2571 praesens
1007 2523 1288 2572 stagnumque
1310 2516 1537 2571 locumque
1604 2521 1607 2524 '

329 2572 523 2636 prodigio
546 2579 706 2614 notum,
765 2587 865 2614 nam
888 2587 955 2614 me
979 2572 1064 2614 iam
1087 2572 1286 2628 grandior
1309 2585 1414 2615 aevo

329 2628 637 2683 lmpatiensque
662 2628 755 2671 viae
780 2629 945 2684 genitor
969 2629 1177 2671 deducere
1200 2629 1330 2671 lectos

328 2683 507 2727 iusserat
530 2684 628 2727 inde
652 2685 801 2735 boves,
827 2685 1049 2741 gentisque
1071 2684 1183 2727 illius
1208 2685 1325 2727 eunti

327 2738 419 2795 ipse
445 2740 595 2783 ducem
620 2741 805 2784 dederat.
864 2756 960 2785 cum
986 2756 1068 2797 quo
1094 2742 1195 2784 dum
1217 2756 1376 2798 pascua
1397 2740 1545 2791 lustro,
