<?xml version="1.0" encoding="UTF-8"?>
<!DOCTYPE html PUBLIC "-//W3C//DTD XHTML 1.0 Transitional//EN"
    "http://www.w3.org/TR/xhtml1/DTD/xhtml1-transitional.dtd">
<html xmlns="http://www.w3.org/1999/xhtml" xml:lang="en" lang="en">
 <head>
  <title>
</title>
<meta http-equiv="Content-Type" content="text/html;charset=utf-8" />
  <meta name='ocr-system' content='tesseract 3.04.00' />
  <meta name='ocr-capabilities' content='ocr_page ocr_carea ocr_par ocr_line ocrx_word'/>
</head>
<body>
  <div class='ocr_page' id='page_1' title='image "./carminao02oviduoft_0170.png"; bbox 0 0 1786 3242; ppageno 0'>
   <div class='ocr_carea' id='block_1_1' title="bbox 383 230 1299 290">
    <p class='ocr_par' dir='ltr' id='par_1_1' title="bbox 383 230 1299 290">
     <span class='ocr_line' id='line_1_1' title="bbox 383 230 1299 290; baseline 0.001 -2"><span class='ocrx_word' id='word_1_1' title='bbox 383 230 465 289; x_wconf 65' lang='lat'>1321</span> <span class='ocrx_word' id='word_1_2' title='bbox 823 252 1059 289; x_wconf 86' lang='lat' dir='ltr'>P.0V1D11</span> <span class='ocrx_word' id='word_1_3' title='bbox 1082 251 1299 290; x_wconf 75' lang='lat' dir='ltr'>NAsoms</span> 
     </span>
    </p>
   </div>
   <div class='ocr_carea' id='block_1_2' title="bbox 288 332 1618 2805">
    <p class='ocr_par' dir='ltr' id='par_1_2' title="bbox 381 332 1618 445">
     <span class='ocr_line' id='line_1_2' title="bbox 381 332 1618 399; baseline 0.001 -22"><span class='ocrx_word' id='word_1_4' title='bbox 381 335 682 399; x_wconf 82' lang='lat' dir='ltr'>Hippocoonte</span> <span class='ocrx_word' id='word_1_5' title='bbox 701 339 830 375; x_wconf 88' lang='lat' dir='ltr'>satus.</span> <span class='ocrx_word' id='word_1_6' title='bbox 888 332 1167 388; x_wconf 82' lang='lat' dir='ltr'>trepidantem</span> <span class='ocrx_word' id='word_1_7' title='bbox 1191 340 1231 376; x_wconf 91' lang='lat' dir='ltr'>et</span> <span class='ocrx_word' id='word_1_8' title='bbox 1255 340 1375 399; x_wconf 88' lang='lat' dir='ltr'>terga</span> <span class='ocrx_word' id='word_1_9' title='bbox 1398 341 1618 390; x_wconf 85' lang='lat' dir='ltr'>parantem</span> 
     </span>
     <span class='ocr_line' id='line_1_3' title="bbox 382 389 1306 445; baseline -0.003 -12"><span class='ocrx_word' id='word_1_10' title='bbox 382 399 546 434; x_wconf 87' lang='lat' dir='ltr'>vertere</span> <span class='ocrx_word' id='word_1_11' title='bbox 570 390 732 433; x_wconf 90' lang='lat' dir='ltr'>succiso</span> <span class='ocrx_word' id='word_1_12' title='bbox 757 389 971 444; x_wconf 89' lang='lat' dir='ltr'>liquerunt</span> <span class='ocrx_word' id='word_1_13' title='bbox 994 389 1151 445; x_wconf 86' lang='lat' dir='ltr'>poplite</span> <span class='ocrx_word' id='word_1_14' title='bbox 1175 390 1306 432; x_wconf 86' lang='lat' dir='ltr'>nervi.</span> 
     </span>
    </p>

    <p class='ocr_par' dir='ltr' id='par_1_3' title="bbox 292 445 1504 736">
     <span class='ocr_line' id='line_1_4' title="bbox 292 445 1329 511; baseline -0.004 -19"><span class='ocrx_word' id='word_1_15' title='bbox 292 461 358 492; x_wconf 80' lang='lat'>365</span> <span class='ocrx_word' id='word_1_16' title='bbox 382 447 557 489; x_wconf 82' lang='lat' dir='ltr'>forsitan</span> <span class='ocrx_word' id='word_1_17' title='bbox 581 454 622 489; x_wconf 88' lang='lat' dir='ltr'>et</span> <span class='ocrx_word' id='word_1_18' title='bbox 645 445 795 501; x_wconf 89' lang='lat' dir='ltr'>Pylius</span> <span class='ocrx_word' id='word_1_19' title='bbox 819 445 923 487; x_wconf 90' lang='lat' dir='ltr'>citra</span> <span class='ocrx_word' id='word_1_20' title='bbox 945 445 1131 487; x_wconf 86' lang='lat' dir='ltr'>Troiana</span> <span class='ocrx_word' id='word_1_21' title='bbox 1152 445 1329 511; x_wconf 88' lang='lat' dir='ltr'>perisset</span> 
     </span>
     <span class='ocr_line' id='line_1_5' title="bbox 382 501 1504 568; baseline 0.002 -24"><span class='ocrx_word' id='word_1_22' title='bbox 382 510 589 568; x_wconf 89' lang='lat' dir='ltr'>tempora.</span> <span class='ocrx_word' id='word_1_23' title='bbox 615 502 689 544; x_wconf 88' lang='lat' dir='ltr'>sed</span> <span class='ocrx_word' id='word_1_24' title='bbox 711 509 878 558; x_wconf 89' lang='lat' dir='ltr'>sumpto</span> <span class='ocrx_word' id='word_1_25' title='bbox 902 501 1039 557; x_wconf 89' lang='lat' dir='ltr'>posita</span> <span class='ocrx_word' id='word_1_26' title='bbox 1063 501 1282 545; x_wconf 88' lang='lat' dir='ltr'>conamine</span> <span class='ocrx_word' id='word_1_27' title='bbox 1305 502 1360 544; x_wconf 90' lang='lat' dir='ltr'>ab</span> <span class='ocrx_word' id='word_1_28' title='bbox 1383 501 1504 546; x_wconf 82' lang='lat' dir='ltr'>hasta</span> 
     </span>
     <span class='ocr_line' id='line_1_6' title="bbox 384 557 1436 614; baseline 0.001 -14"><span class='ocrx_word' id='word_1_29' title='bbox 384 558 542 601; x_wconf 91' lang='lat' dir='ltr'>arboris</span> <span class='ocrx_word' id='word_1_30' title='bbox 566 558 743 608; x_wconf 82' lang='lat' dir='ltr'>insiluit,</span> <span class='ocrx_word' id='word_1_31' title='bbox 768 572 877 612; x_wconf 88' lang='lat' dir='ltr'>quae</span> <span class='ocrx_word' id='word_1_32' title='bbox 901 558 1039 600; x_wconf 89' lang='lat' dir='ltr'>stabat</span> <span class='ocrx_word' id='word_1_33' title='bbox 1062 557 1272 614; x_wconf 84' lang='lat' dir='ltr'>proxima,</span> <span class='ocrx_word' id='word_1_34' title='bbox 1295 559 1436 609; x_wconf 88' lang='lat' dir='ltr'>ramis,</span> 
     </span>
     <span class='ocr_line' id='line_1_7' title="bbox 384 614 1497 670; baseline 0.001 -13"><span class='ocrx_word' id='word_1_35' title='bbox 384 615 660 670; x_wconf 79' lang='lat' dir='ltr'>despexitque</span> <span class='ocrx_word' id='word_1_36' title='bbox 683 615 776 656; x_wconf 94' lang='lat' dir='ltr'>loco</span> <span class='ocrx_word' id='word_1_37' title='bbox 799 621 934 664; x_wconf 86' lang='grc'><strong>1111118,</strong></span> <span class='ocrx_word' id='word_1_38' title='bbox 960 628 1087 668; x_wconf 89' lang='lat' dir='ltr'>quem</span> <span class='ocrx_word' id='word_1_39' title='bbox 1110 614 1296 670; x_wconf 85' lang='lat' dir='ltr'>fugerat,</span> <span class='ocrx_word' id='word_1_40' title='bbox 1320 614 1497 658; x_wconf 89' lang='lat' dir='ltr'>hostem.</span> 
     </span>
     <span class='ocr_line' id='line_1_8' title="bbox 384 667 1361 736; baseline -0.001 -23"><span class='ocrx_word' id='word_1_41' title='bbox 384 671 580 714; x_wconf 88' lang='lat' dir='ltr'>dentibus</span> <span class='ocrx_word' id='word_1_42' title='bbox 603 671 674 713; x_wconf 92' lang='lat' dir='ltr'>ille</span> <span class='ocrx_word' id='word_1_43' title='bbox 698 667 852 713; x_wconf 82' lang='lat' dir='ltr'>ferox</span> <span class='ocrx_word' id='word_1_44' title='bbox 841 686 885 712; x_wconf 91' lang='grc'>111</span> <span class='ocrx_word' id='word_1_45' title='bbox 909 684 1068 725; x_wconf 87' lang='lat' dir='ltr'>querno</span> <span class='ocrx_word' id='word_1_46' title='bbox 1093 671 1231 736; x_wconf 86' lang='lat' dir='ltr'>stipite</span> <span class='ocrx_word' id='word_1_47' title='bbox 1254 670 1361 713; x_wconf 87' lang='lat' dir='ltr'>tritis</span> 
     </span>
    </p>

    <p class='ocr_par' dir='ltr' id='par_1_4' title="bbox 293 726 1451 1008">
     <span class='ocr_line' id='line_1_9' title="bbox 293 726 1390 781; baseline -0.003 -9"><span class='ocrx_word' id='word_1_48' title='bbox 293 741 360 773; x_wconf 84' lang='grc'>370</span> <span class='ocrx_word' id='word_1_49' title='bbox 382 727 572 770; x_wconf 83' lang='lat' dir='ltr'>imminet</span> <span class='ocrx_word' id='word_1_50' title='bbox 596 726 736 778; x_wconf 91' lang='lat' dir='ltr'>exitio,</span> <span class='ocrx_word' id='word_1_51' title='bbox 760 727 977 781; x_wconf 91' lang='lat' dir='ltr'>fidensque</span> <span class='ocrx_word' id='word_1_52' title='bbox 1001 727 1238 769; x_wconf 79' lang='lat' dir='ltr'>recentibus</span> <span class='ocrx_word' id='word_1_53' title='bbox 1264 727 1390 769; x_wconf 90' lang='lat' dir='ltr'>armis</span> 
     </span>
     <span class='ocr_line' id='line_1_10' title="bbox 383 783 1466 849; baseline 0.002 -24"><span class='ocrx_word' id='word_1_54' title='bbox 383 783 614 849; x_wconf 82' lang='lat' dir='ltr'>Actoridae</span> <span class='ocrx_word' id='word_1_55' title='bbox 637 783 781 839; x_wconf 88' lang='lat' dir='ltr'>magni</span> <span class='ocrx_word' id='word_1_56' title='bbox 804 791 939 825; x_wconf 92' lang='lat' dir='ltr'>rostro</span> <span class='ocrx_word' id='word_1_57' title='bbox 963 783 1101 826; x_wconf 87' lang='lat' dir='ltr'>femur</span> <span class='ocrx_word' id='word_1_58' title='bbox 1124 783 1264 825; x_wconf 90' lang='lat' dir='ltr'>hausit</span> <span class='ocrx_word' id='word_1_59' title='bbox 1287 784 1466 827; x_wconf 83' lang='lat' dir='ltr'>adunco.</span> 
     </span>
     <span class='ocr_line' id='line_1_11' title="bbox 385 839 1421 891; baseline 0 -9"><span class='ocrx_word' id='word_1_60' title='bbox 385 847 428 882; x_wconf 89' lang='lat' dir='ltr'>at</span> <span class='ocrx_word' id='word_1_61' title='bbox 482 839 626 890; x_wconf 88' lang='lat' dir='ltr'>emini,</span> <span class='ocrx_word' id='word_1_62' title='bbox 650 840 839 882; x_wconf 90' lang='lat' dir='ltr'>nondum</span> <span class='ocrx_word' id='word_1_63' title='bbox 863 840 1059 882; x_wconf 89' lang='lat' dir='ltr'>caelestia</span> <span class='ocrx_word' id='word_1_64' title='bbox 1083 839 1232 890; x_wconf 88' lang='lat' dir='ltr'>sidera,</span> <span class='ocrx_word' id='word_1_65' title='bbox 1257 839 1421 891; x_wconf 87' lang='lat' dir='ltr'>fratres,</span> 
     </span>
     <span class='ocr_line' id='line_1_12' title="bbox 384 896 1374 952; baseline 0 -14"><span class='ocrx_word' id='word_1_66' title='bbox 384 911 452 938; x_wconf 89' lang='lat' dir='ltr'>am</span> <span class='ocrx_word' id='word_1_67' title='bbox 484 910 509 938; x_wconf 93' lang='lat' dir='ltr'>o</span> <span class='ocrx_word' id='word_1_68' title='bbox 533 896 766 952; x_wconf 85' lang='lat' dir='ltr'>conspicui,</span> <span class='ocrx_word' id='word_1_69' title='bbox 792 896 888 938; x_wconf 90' lang='lat' dir='ltr'>nive</span> <span class='ocrx_word' id='word_1_70' title='bbox 913 896 1224 938; x_wconf 88' lang='lat' dir='ltr'>candidioribus</span> <span class='ocrx_word' id='word_1_71' title='bbox 1249 896 1374 938; x_wconf 92' lang='lat' dir='ltr'>ambo</span> 
     </span>
     <span class='ocr_line' id='line_1_13' title="bbox 383 952 1404 1008; baseline 0 -14"><span class='ocrx_word' id='word_1_72' title='bbox 383 952 659 994; x_wconf 86' lang='lat' dir='ltr'>vectabantur</span> <span class='ocrx_word' id='word_1_73' title='bbox 682 953 821 1007; x_wconf 89' lang='lat' dir='ltr'>equis,</span> <span class='ocrx_word' id='word_1_74' title='bbox 846 952 970 994; x_wconf 90' lang='lat' dir='ltr'>ambo</span> <span class='ocrx_word' id='word_1_75' title='bbox 994 952 1159 994; x_wconf 85' lang='lat' dir='ltr'>vibrata</span> <span class='ocrx_word' id='word_1_76' title='bbox 1182 967 1257 1008; x_wconf 91' lang='lat' dir='ltr'>per</span> <span class='ocrx_word' id='word_1_77' title='bbox 1280 967 1404 995; x_wconf 89' lang='lat' dir='ltr'>auras</span> 
     </span>
    </p>

    <p class='ocr_par' dir='ltr' id='par_1_5' title="bbox 294 1007 1510 1288">
     <span class='ocr_line' id='line_1_14' title="bbox 294 1007 1408 1074; baseline -0.001 -23"><span class='ocrx_word' id='word_1_78' title='bbox 294 1020 359 1052; x_wconf 85' lang='lat'>375</span> <span class='ocrx_word' id='word_1_79' title='bbox 383 1007 599 1050; x_wconf 89' lang='lat' dir='ltr'>hastarum</span> <span class='ocrx_word' id='word_1_80' title='bbox 623 1010 800 1051; x_wconf 90' lang='lat' dir='ltr'>tremulo</span> <span class='ocrx_word' id='word_1_81' title='bbox 825 1009 1069 1063; x_wconf 85' lang='lat' dir='ltr'>quatiebant</span> <span class='ocrx_word' id='word_1_82' title='bbox 1095 1009 1255 1074; x_wconf 82' lang='lat' dir='ltr'>spicula</span> <span class='ocrx_word' id='word_1_83' title='bbox 1277 1016 1408 1051; x_wconf 88' lang='lat' dir='ltr'>motu.</span> 
     </span>
     <span class='ocr_line' id='line_1_15' title="bbox 383 1065 1425 1131; baseline 0.001 -25"><span class='ocrx_word' id='word_1_84' title='bbox 383 1065 557 1107; x_wconf 91' lang='lat' dir='ltr'>vulnera</span> <span class='ocrx_word' id='word_1_85' title='bbox 580 1065 795 1115; x_wconf 85' lang='lat' dir='ltr'>fecissent,</span> <span class='ocrx_word' id='word_1_86' title='bbox 819 1065 900 1107; x_wconf 90' lang='lat' dir='ltr'>nisi</span> <span class='ocrx_word' id='word_1_87' title='bbox 925 1066 1104 1121; x_wconf 86' lang='lat' dir='ltr'>saetiger</span> <span class='ocrx_word' id='word_1_88' title='bbox 1127 1065 1235 1107; x_wconf 90' lang='lat' dir='ltr'>inter</span> <span class='ocrx_word' id='word_1_89' title='bbox 1258 1079 1425 1131; x_wconf 88' lang='lat' dir='ltr'>opacas,</span> 
     </span>
     <span class='ocr_line' id='line_1_16' title="bbox 382 1121 1493 1186; baseline 0.001 -23"><span class='ocrx_word' id='word_1_90' title='bbox 382 1135 461 1163; x_wconf 90' lang='lat' dir='ltr'>nec</span> <span class='ocrx_word' id='word_1_91' title='bbox 484 1121 651 1171; x_wconf 89' lang='lat' dir='ltr'>iaculis,</span> <span class='ocrx_word' id='word_1_92' title='bbox 675 1122 792 1171; x_wconf 88' lang='lat' dir='ltr'>isset,</span> <span class='ocrx_word' id='word_1_93' title='bbox 816 1136 895 1163; x_wconf 89' lang='lat' dir='ltr'>nec</span> <span class='ocrx_word' id='word_1_94' title='bbox 919 1135 1027 1175; x_wconf 91' lang='lat' dir='ltr'>equo</span> <span class='ocrx_word' id='word_1_95' title='bbox 1051 1122 1143 1163; x_wconf 93' lang='lat' dir='ltr'>loca</span> <span class='ocrx_word' id='word_1_96' title='bbox 1165 1122 1328 1186; x_wconf 84' lang='lat' dir='ltr'>pervia,</span> <span class='ocrx_word' id='word_1_97' title='bbox 1353 1121 1493 1164; x_wconf 83' lang='lat' dir='ltr'>silvas.</span> 
     </span>
     <span class='ocr_line' id='line_1_17' title="bbox 383 1177 1510 1232; baseline 0.001 -13"><span class='ocrx_word' id='word_1_98' title='bbox 383 1177 648 1232; x_wconf 84' lang='lat' dir='ltr'>persequitur</span> <span class='ocrx_word' id='word_1_99' title='bbox 669 1177 893 1227; x_wconf 90' lang='lat' dir='ltr'>Telamon,</span> <span class='ocrx_word' id='word_1_100' title='bbox 919 1178 1140 1231; x_wconf 89' lang='lat' dir='ltr'>studioque</span> <span class='ocrx_word' id='word_1_101' title='bbox 1164 1178 1357 1219; x_wconf 89' lang='lat' dir='ltr'>incautus</span> <span class='ocrx_word' id='word_1_102' title='bbox 1381 1177 1510 1220; x_wconf 79' lang='lat' dir='ltr'>eundi</span> 
     </span>
     <span class='ocr_line' id='line_1_18' title="bbox 382 1233 1376 1288; baseline 0.001 -14"><span class='ocrx_word' id='word_1_103' title='bbox 382 1248 540 1288; x_wconf 88' lang='lat' dir='ltr'>pronus</span> <span class='ocrx_word' id='word_1_104' title='bbox 565 1234 618 1275; x_wconf 90' lang='lat' dir='ltr'>ab</span> <span class='ocrx_word' id='word_1_105' title='bbox 643 1234 819 1276; x_wconf 87' lang='lat' dir='ltr'>arborea</span> <span class='ocrx_word' id='word_1_106' title='bbox 842 1233 990 1275; x_wconf 90' lang='lat' dir='ltr'>cecidit</span> <span class='ocrx_word' id='word_1_107' title='bbox 1013 1234 1154 1275; x_wconf 89' lang='lat' dir='ltr'>radice</span> <span class='ocrx_word' id='word_1_108' title='bbox 1176 1241 1376 1276; x_wconf 89' lang='lat' dir='ltr'>retentus.</span> 
     </span>
    </p>

    <p class='ocr_par' dir='ltr' id='par_1_6' title="bbox 293 1289 1601 1564">
     <span class='ocr_line' id='line_1_19' title="bbox 293 1289 1601 1346; baseline -0.002 -12"><span class='ocrx_word' id='word_1_109' title='bbox 293 1303 359 1334; x_wconf 86' lang='lat'>380</span> <span class='ocrx_word' id='word_1_110' title='bbox 383 1290 486 1331; x_wconf 89' lang='lat' dir='ltr'>dum</span> <span class='ocrx_word' id='word_1_111' title='bbox 508 1289 621 1331; x_wconf 87' lang='lat' dir='ltr'>levat</span> <span class='ocrx_word' id='word_1_112' title='bbox 644 1289 757 1331; x_wconf 89' lang='lat' dir='ltr'>hunc</span> <span class='ocrx_word' id='word_1_113' title='bbox 779 1289 955 1340; x_wconf 91' lang='lat' dir='ltr'>Peleus,</span> <span class='ocrx_word' id='word_1_114' title='bbox 981 1290 1158 1332; x_wconf 89' lang='lat' dir='ltr'>celerem</span> <span class='ocrx_word' id='word_1_115' title='bbox 1181 1290 1378 1345; x_wconf 87' lang='lat' dir='ltr'>Tegeaea</span> <span class='ocrx_word' id='word_1_116' title='bbox 1402 1290 1601 1346; x_wconf 88' lang='lat' dir='ltr'>sagittam</span> 
     </span>
     <span class='ocr_line' id='line_1_20' title="bbox 382 1345 1328 1401; baseline 0.001 -15"><span class='ocrx_word' id='word_1_117' title='bbox 382 1345 583 1401; x_wconf 88' lang='lat' dir='ltr'>imposuit</span> <span class='ocrx_word' id='word_1_118' title='bbox 604 1360 734 1388; x_wconf 91' lang='lat' dir='ltr'>nervo</span> <span class='ocrx_word' id='word_1_119' title='bbox 759 1346 1006 1400; x_wconf 88' lang='lat' dir='ltr'>sinuatoque</span> <span class='ocrx_word' id='word_1_120' title='bbox 1031 1346 1192 1401; x_wconf 89' lang='lat' dir='ltr'>expulit</span> <span class='ocrx_word' id='word_1_121' title='bbox 1215 1360 1328 1387; x_wconf 89' lang='lat' dir='ltr'>arcu.</span> 
     </span>
     <span class='ocr_line' id='line_1_21' title="bbox 382 1401 1495 1445; baseline 0.003 -3"><span class='ocrx_word' id='word_1_122' title='bbox 382 1402 468 1443; x_wconf 90' lang='lat' dir='ltr'>fixa</span> <span class='ocrx_word' id='word_1_123' title='bbox 492 1402 571 1444; x_wconf 89' lang='lat' dir='ltr'>sub</span> <span class='ocrx_word' id='word_1_124' title='bbox 596 1417 697 1444; x_wconf 89' lang='lat' dir='ltr'>aure</span> <span class='ocrx_word' id='word_1_125' title='bbox 720 1401 799 1444; x_wconf 89' lang='lat' dir='ltr'>feri</span> <span class='ocrx_word' id='word_1_126' title='bbox 823 1417 1036 1443; x_wconf 89' lang='lat' dir='ltr'>summum</span> <span class='ocrx_word' id='word_1_127' title='bbox 1059 1402 1278 1444; x_wconf 84' lang='lat' dir='ltr'>destrinxit</span> <span class='ocrx_word' id='word_1_128' title='bbox 1303 1401 1495 1445; x_wconf 85' lang='lat' dir='ltr'>harundo</span> 
     </span>
     <span class='ocr_line' id='line_1_22' title="bbox 384 1458 1436 1513; baseline 0.001 -14"><span class='ocrx_word' id='word_1_129' title='bbox 384 1472 557 1513; x_wconf 91' lang='lat' dir='ltr'>corpus,</span> <span class='ocrx_word' id='word_1_130' title='bbox 583 1466 625 1500; x_wconf 88' lang='lat' dir='ltr'>et</span> <span class='ocrx_word' id='word_1_131' title='bbox 648 1458 802 1513; x_wconf 88' lang='lat' dir='ltr'>exiguo</span> <span class='ocrx_word' id='word_1_132' title='bbox 826 1458 1034 1500; x_wconf 87' lang='lat' dir='ltr'>rubefecit</span> <span class='ocrx_word' id='word_1_133' title='bbox 1057 1458 1262 1513; x_wconf 90' lang='lat' dir='ltr'>sanguine</span> <span class='ocrx_word' id='word_1_134' title='bbox 1286 1465 1436 1500; x_wconf 86' lang='lat' dir='ltr'>saetas.</span> 
     </span>
     <span class='ocr_line' id='line_1_23' title="bbox 383 1514 1348 1580; baseline 0.001 -25"><span class='ocrx_word' id='word_1_135' title='bbox 383 1528 462 1556; x_wconf 90' lang='lat' dir='ltr'>nec</span> <span class='ocrx_word' id='word_1_136' title='bbox 486 1521 627 1556; x_wconf 87' lang='lat' dir='ltr'>tamen</span> <span class='ocrx_word' id='word_1_137' title='bbox 651 1514 722 1556; x_wconf 92' lang='lat' dir='ltr'>illa</span> <span class='ocrx_word' id='word_1_138' title='bbox 747 1514 812 1556; x_wconf 92' lang='lat' dir='ltr'>sui</span> <span class='ocrx_word' id='word_1_139' title='bbox 835 1528 1034 1580; x_wconf 82' lang='lat' dir='ltr'>successu</span> <span class='ocrx_word' id='word_1_140' title='bbox 1056 1515 1204 1557; x_wconf 88' lang='lat' dir='ltr'>laetior</span> <span class='ocrx_word' id='word_1_141' title='bbox 1226 1514 1348 1565; x_wconf 87' lang='lat' dir='ltr'>ictus,</span> 
     </span>
    </p>

    <p class='ocr_par' dir='ltr' id='par_1_7' title="bbox 293 1570 1536 1850">
     <span class='ocr_line' id='line_1_24' title="bbox 293 1570 1498 1626; baseline -0.001 -12"><span class='ocrx_word' id='word_1_142' title='bbox 293 1582 357 1614; x_wconf 86' lang='lat'>385</span> <span class='ocrx_word' id='word_1_143' title='bbox 382 1584 510 1625; x_wconf 87' lang='lat' dir='ltr'>quam</span> <span class='ocrx_word' id='word_1_144' title='bbox 533 1570 778 1626; x_wconf 87' lang='lat' dir='ltr'>Meleagrus</span> <span class='ocrx_word' id='word_1_145' title='bbox 804 1578 904 1612; x_wconf 85' lang='lat' dir='ltr'>erat.</span> <span class='ocrx_word' id='word_1_146' title='bbox 963 1570 1123 1626; x_wconf 90' lang='lat' dir='ltr'>primus</span> <span class='ocrx_word' id='word_1_147' title='bbox 1147 1570 1302 1613; x_wconf 89' lang='lat' dir='ltr'>vidisse</span> <span class='ocrx_word' id='word_1_148' title='bbox 1325 1577 1498 1626; x_wconf 85' lang='lat' dir='ltr'>putatur</span> 
     </span>
     <span class='ocr_line' id='line_1_25' title="bbox 383 1626 1403 1692; baseline 0.001 -24"><span class='ocrx_word' id='word_1_149' title='bbox 383 1634 426 1668; x_wconf 90' lang='lat' dir='ltr'>et</span> <span class='ocrx_word' id='word_1_150' title='bbox 447 1626 608 1692; x_wconf 89' lang='lat' dir='ltr'>primus</span> <span class='ocrx_word' id='word_1_151' title='bbox 633 1627 756 1668; x_wconf 88' lang='lat' dir='ltr'>sociis</span> <span class='ocrx_word' id='word_1_152' title='bbox 779 1627 918 1669; x_wconf 90' lang='lat' dir='ltr'>visum</span> <span class='ocrx_word' id='word_1_153' title='bbox 942 1627 1174 1669; x_wconf 88' lang='lat' dir='ltr'>ostendisse</span> <span class='ocrx_word' id='word_1_154' title='bbox 1198 1641 1403 1678; x_wconf 86' lang='lat' dir='ltr'>cruorem,</span> 
     </span>
     <span class='ocr_line' id='line_1_26' title="bbox 381 1682 1453 1725; baseline 0.001 -1"><span class='ocrx_word' id='word_1_155' title='bbox 381 1689 423 1724; x_wconf 92' lang='lat' dir='ltr'>et</span> <span class='ocrx_word' id='word_1_156' title='bbox 447 1682 679 1725; x_wconf 87' lang='lat' dir='ltr'>‘meritum&#39;</span> <span class='ocrx_word' id='word_1_157' title='bbox 705 1683 860 1725; x_wconf 87' lang='lat' dir='ltr'>dixisse</span> <span class='ocrx_word' id='word_1_158' title='bbox 886 1683 1013 1725; x_wconf 89' lang='lat' dir='ltr'>‘feres</span> <span class='ocrx_word' id='word_1_159' title='bbox 1037 1683 1202 1725; x_wconf 87' lang='lat' dir='ltr'>virtutis</span> <span class='ocrx_word' id='word_1_160' title='bbox 1225 1683 1453 1725; x_wconf 67' lang='lat' dir='ltr'>honorem!</span> 
     </span>
     <span class='ocr_line' id='line_1_27' title="bbox 381 1739 1391 1793; baseline 0 -13"><span class='ocrx_word' id='word_1_161' title='bbox 381 1739 587 1781; x_wconf 91' lang='lat' dir='ltr'>erubuere</span> <span class='ocrx_word' id='word_1_162' title='bbox 612 1739 690 1780; x_wconf 90' lang='lat' dir='ltr'>viri</span> <span class='ocrx_word' id='word_1_163' title='bbox 714 1753 842 1793; x_wconf 86' lang='lat' dir='ltr'>seque</span> <span class='ocrx_word' id='word_1_164' title='bbox 867 1739 1142 1782; x_wconf 88' lang='lat' dir='ltr'>exhortantur</span> <span class='ocrx_word' id='word_1_165' title='bbox 1165 1747 1207 1782; x_wconf 91' lang='lat' dir='ltr'>et</span> <span class='ocrx_word' id='word_1_166' title='bbox 1230 1739 1391 1781; x_wconf 90' lang='lat' dir='ltr'>addunt</span> 
     </span>
     <span class='ocr_line' id='line_1_28' title="bbox 381 1795 1536 1850; baseline 0.001 -14"><span class='ocrx_word' id='word_1_167' title='bbox 381 1809 479 1836; x_wconf 91' lang='lat' dir='ltr'>cum</span> <span class='ocrx_word' id='word_1_168' title='bbox 503 1796 684 1837; x_wconf 89' lang='lat' dir='ltr'>clamore</span> <span class='ocrx_word' id='word_1_169' title='bbox 709 1796 870 1837; x_wconf 89' lang='lat' dir='ltr'>animos</span> <span class='ocrx_word' id='word_1_170' title='bbox 893 1795 1134 1850; x_wconf 89' lang='lat' dir='ltr'>iaciuntque</span> <span class='ocrx_word' id='word_1_171' title='bbox 1158 1795 1248 1838; x_wconf 89' lang='lat' dir='ltr'>sine</span> <span class='ocrx_word' id='word_1_172' title='bbox 1272 1795 1416 1837; x_wconf 89' lang='lat' dir='ltr'>ordine</span> <span class='ocrx_word' id='word_1_173' title='bbox 1440 1795 1536 1838; x_wconf 87' lang='lat' dir='ltr'>tela.</span> 
     </span>
    </p>

    <p class='ocr_par' dir='ltr' id='par_1_8' title="bbox 291 1851 1502 2019">
     <span class='ocr_line' id='line_1_29' title="bbox 291 1851 1502 1907; baseline -0.001 -13"><span class='ocrx_word' id='word_1_174' title='bbox 291 1863 357 1895; x_wconf 86' lang='lat'>390</span> <span class='ocrx_word' id='word_1_175' title='bbox 381 1851 505 1893; x_wconf 89' lang='lat' dir='ltr'>turba</span> <span class='ocrx_word' id='word_1_176' title='bbox 528 1858 651 1893; x_wconf 88' lang='lat' dir='ltr'>nocet</span> <span class='ocrx_word' id='word_1_177' title='bbox 674 1851 813 1901; x_wconf 86' lang='lat' dir='ltr'>iactis,</span> <span class='ocrx_word' id='word_1_178' title='bbox 840 1858 882 1894; x_wconf 90' lang='lat' dir='ltr'>et</span> <span class='ocrx_word' id='word_1_179' title='bbox 905 1865 1011 1906; x_wconf 93' lang='lat' dir='ltr'>quos</span> <span class='ocrx_word' id='word_1_180' title='bbox 1036 1852 1158 1907; x_wconf 89' lang='lat' dir='ltr'>petit,</span> <span class='ocrx_word' id='word_1_181' title='bbox 1182 1851 1358 1907; x_wconf 90' lang='lat' dir='ltr'>impedit</span> <span class='ocrx_word' id='word_1_182' title='bbox 1380 1851 1502 1893; x_wconf 90' lang='lat' dir='ltr'>ictus.</span> 
     </span>
     <span class='ocr_line' id='line_1_30' title="bbox 381 1907 1448 1963; baseline 0.001 -15"><span class='ocrx_word' id='word_1_183' title='bbox 381 1921 478 1949; x_wconf 91' lang='lat' dir='ltr'>ecce</span> <span class='ocrx_word' id='word_1_184' title='bbox 502 1907 646 1949; x_wconf 91' lang='lat' dir='ltr'>furens</span> <span class='ocrx_word' id='word_1_185' title='bbox 672 1915 817 1949; x_wconf 87' lang='lat' dir='ltr'>contra</span> <span class='ocrx_word' id='word_1_186' title='bbox 840 1923 917 1949; x_wconf 90' lang='lat' dir='ltr'>sua</span> <span class='ocrx_word' id='word_1_187' title='bbox 940 1907 1028 1949; x_wconf 87' lang='lat' dir='ltr'>fata</span> <span class='ocrx_word' id='word_1_188' title='bbox 1054 1907 1289 1963; x_wconf 90' lang='lat' dir='ltr'>bipennifer</span> <span class='ocrx_word' id='word_1_189' title='bbox 1311 1907 1448 1949; x_wconf 89' lang='lat' dir='ltr'>Arcas</span> 
     </span>
     <span class='ocr_line' id='line_1_31' title="bbox 382 1963 1426 2019; baseline 0.001 -15"><span class='ocrx_word' id='word_1_190' title='bbox 382 1963 566 2012; x_wconf 90' lang='lat' dir='ltr'>‘discite,</span> <span class='ocrx_word' id='word_1_191' title='bbox 591 1963 783 2006; x_wconf 86' lang='lat' dir='ltr'>femineis</span> <span class='ocrx_word' id='word_1_192' title='bbox 807 1964 910 2018; x_wconf 92' lang='lat' dir='ltr'>quid</span> <span class='ocrx_word' id='word_1_193' title='bbox 934 1964 1018 2006; x_wconf 88' lang='lat' dir='ltr'>tela</span> <span class='ocrx_word' id='word_1_194' title='bbox 1042 1963 1177 2005; x_wconf 87' lang='lat' dir='ltr'>virilia</span> <span class='ocrx_word' id='word_1_195' title='bbox 1199 1970 1426 2019; x_wconf 88' lang='lat' dir='ltr'>praestent,</span> 
     </span>
    </p>

    <p class='ocr_par' dir='ltr' id='par_1_9' title="bbox 381 2019 1448 2132">
     <span class='ocr_line' id='line_1_32' title="bbox 381 2019 1367 2084; baseline 0.002 -24"><span class='ocrx_word' id='word_1_196' title='bbox 381 2033 406 2060; x_wconf 95' lang='grc' dir='ltr'>ο</span> <span class='ocrx_word' id='word_1_197' title='bbox 431 2019 622 2084; x_wconf 80' lang='lat' dir='ltr'>iuvenes,</span> <span class='ocrx_word' id='word_1_198' title='bbox 645 2020 847 2084; x_wconf 85' lang='lat' dir='ltr'>operique</span> <span class='ocrx_word' id='word_1_199' title='bbox 871 2034 965 2062; x_wconf 88' lang='lat' dir='ltr'>meo</span> <span class='ocrx_word' id='word_1_200' title='bbox 991 2020 1224 2062; x_wconf 90' lang='lat' dir='ltr'>concedite&#39;</span> <span class='ocrx_word' id='word_1_201' title='bbox 1251 2020 1367 2062; x_wconf 86' lang='lat' dir='ltr'>dixit.</span> 
     </span>
     <span class='ocr_line' id='line_1_33' title="bbox 382 2075 1448 2132; baseline 0.002 -16.038"><span class='ocrx_word' id='word_1_202' title='bbox 382 2075 494 2131; x_wconf 90' lang='lat' dir='ltr'>‘ipsa</span> <span class='ocrx_word' id='word_1_203' title='bbox 517 2076 603 2117; x_wconf 90' lang='lat' dir='ltr'>suis</span> <span class='ocrx_word' id='word_1_204' title='bbox 627 2075 726 2118; x_wconf 90' lang='lat' dir='ltr'>licet</span> <span class='ocrx_word' id='word_1_205' title='bbox 749 2075 862 2118; x_wconf 93' lang='lat' dir='ltr'>hunc</span> <span class='ocrx_word' id='word_1_206' title='bbox 886 2076 1070 2118; x_wconf 88' lang='lat' dir='ltr'>Latonia</span> <span class='ocrx_word' id='word_1_207' title='bbox 1092 2083 1286 2132; x_wconf 89' lang='lat' dir='ltr'>protegat</span> <span class='ocrx_word' id='word_1_208' title='bbox 1309 2075 1448 2126; x_wconf 86' lang='lat' dir='ltr'>armis,</span> 
     </span>
    </p>

    <p class='ocr_par' dir='ltr' id='par_1_10' title="bbox 290 2130 1536 2413">
     <span class='ocr_line' id='line_1_34' title="bbox 290 2130 1492 2188; baseline -0.002 -12"><span class='ocrx_word' id='word_1_209' title='bbox 290 2144 355 2176; x_wconf 86' lang='lat'>395</span> <span class='ocrx_word' id='word_1_210' title='bbox 379 2130 510 2173; x_wconf 89' lang='lat' dir='ltr'>invita</span> <span class='ocrx_word' id='word_1_211' title='bbox 533 2139 673 2174; x_wconf 88' lang='lat' dir='ltr'>tamen</span> <span class='ocrx_word' id='word_1_212' title='bbox 697 2131 810 2174; x_wconf 89' lang='lat' dir='ltr'>hunc</span> <span class='ocrx_word' id='word_1_213' title='bbox 834 2133 1012 2188; x_wconf 90' lang='lat' dir='ltr'>perimet</span> <span class='ocrx_word' id='word_1_214' title='bbox 1034 2148 1129 2175; x_wconf 84' lang='lat' dir='ltr'>mea</span> <span class='ocrx_word' id='word_1_215' title='bbox 1152 2133 1300 2175; x_wconf 90' lang='lat' dir='ltr'>dextra</span> <span class='ocrx_word' id='word_1_216' title='bbox 1322 2131 1492 2174; x_wconf 87' lang='lat' dir='ltr'>Diana.’</span> 
     </span>
     <span class='ocr_line' id='line_1_35' title="bbox 380 2187 1423 2243; baseline 0.001 -14"><span class='ocrx_word' id='word_1_217' title='bbox 380 2187 481 2229; x_wconf 87' lang='lat' dir='ltr'>talia</span> <span class='ocrx_word' id='word_1_218' title='bbox 503 2188 775 2243; x_wconf 88' lang='lat' dir='ltr'>magniloquo</span> <span class='ocrx_word' id='word_1_219' title='bbox 800 2189 985 2231; x_wconf 89' lang='lat' dir='ltr'>tumidus</span> <span class='ocrx_word' id='word_1_220' title='bbox 1010 2195 1315 2232; x_wconf 90' lang='lat' dir='ltr'>memoraverat</span> <span class='ocrx_word' id='word_1_221' title='bbox 1337 2203 1423 2238; x_wconf 91' lang='lat' dir='ltr'>ore,</span> 
     </span>
     <span class='ocr_line' id='line_1_36' title="bbox 381 2244 1425 2300; baseline 0.001 -15"><span class='ocrx_word' id='word_1_222' title='bbox 381 2244 692 2299; x_wconf 87' lang='lat' dir='ltr'>ancipitemque</span> <span class='ocrx_word' id='word_1_223' title='bbox 715 2260 845 2287; x_wconf 89' lang='lat' dir='ltr'>manu</span> <span class='ocrx_word' id='word_1_224' title='bbox 869 2245 1019 2288; x_wconf 91' lang='lat' dir='ltr'>tollens</span> <span class='ocrx_word' id='word_1_225' title='bbox 1043 2252 1220 2300; x_wconf 89' lang='lat' dir='ltr'>utraque</span> <span class='ocrx_word' id='word_1_226' title='bbox 1245 2245 1425 2287; x_wconf 86' lang='lat' dir='ltr'>securim</span> 
     </span>
     <span class='ocr_line' id='line_1_37' title="bbox 379 2300 1424 2357; baseline 0 -15"><span class='ocrx_word' id='word_1_227' title='bbox 379 2300 587 2343; x_wconf 87' lang='lat' dir='ltr'>institerat</span> <span class='ocrx_word' id='word_1_228' title='bbox 611 2301 772 2356; x_wconf 86' lang='lat' dir='ltr'>digitis,</span> <span class='ocrx_word' id='word_1_229' title='bbox 796 2301 953 2357; x_wconf 90' lang='lat' dir='ltr'>primos</span> <span class='ocrx_word' id='word_1_230' title='bbox 978 2317 1206 2357; x_wconf 88' lang='lat' dir='ltr'>suspensus</span> <span class='ocrx_word' id='word_1_231' title='bbox 1229 2301 1273 2343; x_wconf 88' lang='lat' dir='ltr'>in</span> <span class='ocrx_word' id='word_1_232' title='bbox 1296 2308 1424 2343; x_wconf 85' lang='lat' dir='ltr'>artus.</span> 
     </span>
     <span class='ocr_line' id='line_1_38' title="bbox 381 2357 1536 2413; baseline 0.001 -15"><span class='ocrx_word' id='word_1_233' title='bbox 381 2364 558 2412; x_wconf 89' lang='lat' dir='ltr'>occupat</span> <span class='ocrx_word' id='word_1_234' title='bbox 582 2358 826 2407; x_wconf 90' lang='lat' dir='ltr'>audentem,</span> <span class='ocrx_word' id='word_1_235' title='bbox 850 2372 1019 2412; x_wconf 89' lang='lat' dir='ltr'>quaque</span> <span class='ocrx_word' id='word_1_236' title='bbox 1044 2365 1107 2400; x_wconf 87' lang='lat' dir='ltr'>est</span> <span class='ocrx_word' id='word_1_237' title='bbox 1130 2358 1200 2399; x_wconf 89' lang='lat' dir='ltr'>via</span> <span class='ocrx_word' id='word_1_238' title='bbox 1224 2357 1416 2413; x_wconf 90' lang='lat' dir='ltr'>proxima</span> <span class='ocrx_word' id='word_1_239' title='bbox 1438 2357 1536 2407; x_wconf 90' lang='lat' dir='ltr'>leto,</span> 
     </span>
    </p>

    <p class='ocr_par' dir='ltr' id='par_1_11' title="bbox 288 2413 1597 2693">
     <span class='ocr_line' id='line_1_39' title="bbox 288 2413 1534 2479; baseline -0.002 -22"><span class='ocrx_word' id='word_1_240' title='bbox 288 2426 356 2457; x_wconf 82' lang='grc'>400</span> <span class='ocrx_word' id='word_1_241' title='bbox 380 2427 544 2455; x_wconf 91' lang='lat' dir='ltr'>summa</span> <span class='ocrx_word' id='word_1_242' title='bbox 567 2413 682 2455; x_wconf 88' lang='lat' dir='ltr'>ferus</span> <span class='ocrx_word' id='word_1_243' title='bbox 706 2414 898 2470; x_wconf 89' lang='lat' dir='ltr'>geminos</span> <span class='ocrx_word' id='word_1_244' title='bbox 923 2414 1074 2456; x_wconf 87' lang='lat' dir='ltr'>direxit</span> <span class='ocrx_word' id='word_1_245' title='bbox 1098 2414 1186 2456; x_wconf 84' lang='lat' dir='ltr'>ad&#39;</span> <span class='ocrx_word' id='word_1_246' title='bbox 1175 2414 1351 2479; x_wconf 84' lang='lat' dir='ltr'>lnguina</span> <span class='ocrx_word' id='word_1_247' title='bbox 1375 2413 1534 2456; x_wconf 87' lang='lat' dir='ltr'>dentes.</span> 
     </span>
     <span class='ocr_line' id='line_1_40' title="bbox 381 2469 1530 2526; baseline 0.001 -16"><span class='ocrx_word' id='word_1_248' title='bbox 381 2469 562 2511; x_wconf 90' lang='lat' dir='ltr'>concidit</span> <span class='ocrx_word' id='word_1_249' title='bbox 585 2470 804 2520; x_wconf 88' lang='lat' dir='ltr'>Ancaeus,</span> <span class='ocrx_word' id='word_1_250' title='bbox 829 2471 1144 2526; x_wconf 86' lang='lat' dir='ltr'>glomerataque</span> <span class='ocrx_word' id='word_1_251' title='bbox 1167 2470 1373 2526; x_wconf 87' lang='lat' dir='ltr'>sanguine</span> <span class='ocrx_word' id='word_1_252' title='bbox 1397 2470 1530 2511; x_wconf 94' lang='lat' dir='ltr'>multo</span> 
     </span>
     <span class='ocr_line' id='line_1_41' title="bbox 380 2525 1611 2581; baseline 0.001 -15"><span class='ocrx_word' id='word_1_253' title='bbox 380 2525 542 2568; x_wconf 86' lang='lat' dir='ltr'>viscera</span> <span class='ocrx_word' id='word_1_254' title='bbox 564 2526 683 2581; x_wconf 88' lang='lat' dir='ltr'>lapsa</span> <span class='ocrx_word' id='word_1_255' title='bbox 706 2526 860 2577; x_wconf 89' lang='lat' dir='ltr'>fluunt,</span> <span class='ocrx_word' id='word_1_256' title='bbox 884 2526 1206 2581; x_wconf 85' lang='lat' dir='ltr'>madefactaque</span> <span class='ocrx_word' id='word_1_257' title='bbox 1230 2534 1340 2568; x_wconf 90' lang='lat' dir='ltr'>terra</span> <span class='ocrx_word' id='word_1_258' title='bbox 1364 2539 1511 2569; x_wconf 90' lang='lat' dir='ltr'>cruore</span> <span class='ocrx_word' id='word_1_259' title='bbox 1535 2532 1611 2568; x_wconf 90' lang='lat' dir='ltr'>est.</span> 
     </span>
     <span class='ocr_line' id='line_1_42' title="bbox 379 2581 1318 2648; baseline 0.002 -26"><span class='ocrx_word' id='word_1_260' title='bbox 379 2581 503 2623; x_wconf 89' lang='lat' dir='ltr'>ibat</span> <span class='ocrx_word' id='word_1_261' title='bbox 491 2597 536 2623; x_wconf 87' lang='grc'>111</span> <span class='ocrx_word' id='word_1_262' title='bbox 561 2582 785 2624; x_wconf 86' lang='lat' dir='ltr'>adversum</span> <span class='ocrx_word' id='word_1_263' title='bbox 808 2583 946 2648; x_wconf 91' lang='lat' dir='ltr'>proles</span> <span class='ocrx_word' id='word_1_264' title='bbox 970 2583 1129 2625; x_wconf 88' lang='lat' dir='ltr'>Ixionis</span> <span class='ocrx_word' id='word_1_265' title='bbox 1154 2583 1318 2625; x_wconf 88' lang='lat' dir='ltr'>hostem</span> 
     </span>
     <span class='ocr_line' id='line_1_43' title="bbox 379 2636 1413 2693; baseline 0.002 -15"><span class='ocrx_word' id='word_1_266' title='bbox 379 2636 615 2688; x_wconf 89' lang='lat' dir='ltr'>Pirithous,</span> <span class='ocrx_word' id='word_1_267' title='bbox 639 2639 780 2680; x_wconf 90' lang='lat' dir='ltr'>valida</span> <span class='ocrx_word' id='word_1_268' title='bbox 803 2639 996 2693; x_wconf 88' lang='lat' dir='ltr'>quatiens</span> <span class='ocrx_word' id='word_1_269' title='bbox 1021 2639 1230 2681; x_wconf 81' lang='lat' dir='ltr'>venabula</span> <span class='ocrx_word' id='word_1_270' title='bbox 1253 2639 1413 2681; x_wconf 89' lang='lat' dir='ltr'>dextra.</span> 
     </span>
    </p>

    <p class='ocr_par' dir='ltr' id='par_1_12' title="bbox 288 2669 1532 2805">
     <span class='ocr_line' id='line_1_44' title="bbox 288 2669 1461 2760; baseline -0.001 -23"><span class='ocrx_word' id='word_1_271' title='bbox 288 2706 353 2738; x_wconf 86' lang='lat'>405</span> <span class='ocrx_word' id='word_1_272' title='bbox 380 2694 448 2735; x_wconf 92' lang='lat' dir='ltr'>cui</span> <span class='ocrx_word' id='word_1_273' title='bbox 471 2669 618 2759; x_wconf 89' lang='lat' dir='ltr'>procul</span> <span class='ocrx_word' id='word_1_274' title='bbox 643 2695 870 2760; x_wconf 49' lang='lat' dir='ltr'>Aegidesf</span> <span class='ocrx_word' id='word_1_275' title='bbox 879 2710 904 2737; x_wconf 97' lang='lat' dir='ltr'>o</span> <span class='ocrx_word' id='word_1_276' title='bbox 927 2710 996 2737; x_wconf 89' lang='lat' dir='ltr'>me</span> <span class='ocrx_word' id='word_1_277' title='bbox 1020 2695 1122 2737; x_wconf 89' lang='lat' dir='ltr'>mihi</span> <span class='ocrx_word' id='word_1_278' title='bbox 1147 2694 1299 2738; x_wconf 89' lang='lat' dir='ltr'>carior&#39;</span> <span class='ocrx_word' id='word_1_279' title='bbox 1323 2694 1461 2749; x_wconf 91' lang='lat' dir='ltr'>inquit</span> 
     </span>
     <span class='ocr_line' id='line_1_45' title="bbox 381 2749 1532 2805; baseline 0.002 -14.032"><span class='ocrx_word' id='word_1_280' title='bbox 381 2753 496 2805; x_wconf 88' lang='lat' dir='ltr'>‘pars</span> <span class='ocrx_word' id='word_1_281' title='bbox 521 2749 705 2801; x_wconf 87' lang='lat' dir='ltr'>animae,</span> <span class='ocrx_word' id='word_1_282' title='bbox 731 2751 931 2803; x_wconf 88' lang='lat' dir='ltr'>consiste,</span> <span class='ocrx_word' id='word_1_283' title='bbox 956 2751 1094 2796; x_wconf 81' lang='lat' dir='ltr'>meaeI</span> <span class='ocrx_word' id='word_1_284' title='bbox 1130 2752 1229 2795; x_wconf 91' lang='lat' dir='ltr'>licet</span> <span class='ocrx_word' id='word_1_285' title='bbox 1253 2750 1416 2795; x_wconf 87' lang='lat' dir='ltr'>eminus</span> <span class='ocrx_word' id='word_1_286' title='bbox 1440 2764 1532 2794; x_wconf 85' lang='lat' dir='ltr'>esse</span> 
     </span>
    </p>
   </div>
  </div>
 </body>
</html>
