1786 3242
262 615 325 646 145

263 895 327 926 150

264 1175 327 1207 155

264 1455 329 1487 160

265 1737 328 1769 165

264 2019 329 2050 170

263 2300 327 2331 175

265 2582 330 2616 180

350 286 435 330 258
820 295 863 330 Ρ.
890 294 1055 331 ov11>11
1078 293 1294 332 NASONIS

350 391 532 432 cumque
555 377 686 418 boum
710 375 861 418 dabitis
887 390 1106 419 caesorum
1129 375 1320 418 membra
1342 375 1496 432 palato,

350 433 550 476 mandere
574 447 650 475 vos
674 440 835 475 vestros
860 432 962 474 scite
986 439 1027 474 et
1052 432 1202 474 sentite
1226 432 1408 474 colonos.

351 497 393 532 et
416 489 615 545 quoniam
641 489 744 531 deus
769 503 843 530 ora
866 495 1023 537 movet,
1048 502 1200 542 sequar
1224 502 1297 530 ora
1319 483 1560 531 moventem

349 546 428 588 rite
453 545 598 596 deum,
622 544 898 601 Delphosque
921 558 1038 586 meos
1061 544 1282 599 ipsumque
1306 544 1519 587 recludam

351 601 521 645 aethera
545 609 587 644 et
611 608 816 667 augustae
839 601 1035 643 reserabo
1059 601 1229 642 oracula
1251 601 1416 643 mentis.

349 673 506 714 magna
528 672 607 700 nec
629 657 809 713 ingeniis
834 656 1065 712 evestigata
1088 655 1288 722 priorum,

351 728 545 770 quaeque
570 713 642 756 diu
666 714 846 763 latuere,
871 727 1033 754 canam.
1092 713 1209 754 iuvat
1231 713 1292 755 ire
1314 727 1389 769 per
1412 713 1498 756 alta

351 778 483 821 astra3
507 771 643 820 iuvat,
667 769 787 812 terris
813 777 852 812 et
877 769 999 811 inerti
1024 769 1123 811 sede
1147 769 1306 818 relicta,

350 827 464 869 nube
488 826 585 869 vehi
608 826 820 880 validique
843 825 999 867 umeris
1023 824 1215 868 insistere
1238 825 1444 868 Atlantis.

352 883 627 939 palantesque
650 882 840 925 homines
863 882 1021 937 passim
1046 895 1095 924 ac
1118 881 1290 923 rationis
1315 889 1486 948 egentes

354 940 598 1005 despectare
621 938 787 994 procul,
812 938 1082 994 trepidosque
1106 937 1353 993 obitumque
1377 938 1574 982 timentes

352 996 451 1093 sicO
437 995 646 1038 exhortari
670 995 902 1049 seriemque
928 994 1121 1037 evolvere
1145 994 1235 1036 fati.

478 1066 610 1094 genus
636 1051 857 1093 attonitum
881 1051 1046 1106 gelidae
1070 1050 1292 1093 formidine
1315 1050 1479 1092 mortisl

353 1050 456 1163 quiOd
476 1087 636 1163 ἓῒγὲιι,
661 1107 763 1162 quid
788 1107 983 1149 tenebras
1008 1114 1050 1149 et
1072 1107 1243 1149 nomina
1267 1121 1376 1149 vana
1399 1106 1583 1158 timetis,'

352 1164 568 1206 materiem
592 1170 756 1214 vatum,
781 1163 959 1217 falsique
983 1163 1170 1219 pericula
1192 1163 1364 1205 mundi?

353 1234 528 1275 corpora
552 1220 640 1262 sive
663 1234 791 1275 rogus
816 1220 1003 1270 flamma,
1028 1234 1103 1262 seu
1127 1219 1225 1262 tabe
1250 1226 1436 1262 vetustas

353 1275 589 1326 abstulerit,
613 1276 726 1318 mala
749 1290 872 1330 posse
896 1275 984 1331 pati
1005 1289 1091 1317 non
1114 1276 1200 1318 ulla
1245 1276 1414 1331 putetis.

352 1339 487 1375 morte
511 1339 654 1374 carent
677 1331 858 1381 animae,
883 1346 1131 1387 semperque
1154 1332 1292 1387 priore
1315 1332 1461 1375 relicta

355 1388 454 1431 sede
477 1388 597 1430 novis
623 1387 815 1430 domibus
839 1388 988 1429 vivunt
1011 1388 1284 1443 habitantque
1309 1395 1516 1444 receptae.

352 1445 442 1500 ipse
467 1458 547 1500 ego
572 1443 690 1498 (nam
713 1444 903 1499 memini)
927 1444 1100 1486 Troiani
1122 1451 1309 1499 tempore
1333 1444 1432 1487 belli

356 1478 614 1543 Panthoides
637 1500 898 1566 Euphorbus
920 1515 1053 1550 eram,
1078 1500 1146 1542 cui
1168 1507 1338 1556 pectore
1361 1500 1575 1555 quondam

353 1557 523 1599 haesit'
511 1573 556 1599 ιιι
580 1557 756 1599 adverso
779 1556 921 1612 gravis
945 1556 1068 1599 hasta
1090 1556 1262 1598 minoris
1285 1556 1478 1600 Atridae.

354 1613 534 1669 cognovi
559 1613 761 1669 clipeum,
785 1614 930 1655 laevae
954 1613 1189 1668 gestamina
1211 1620 1392 1663 nostrae,

352 1684 488 1725 nuper
511 1669 719 1712 Abanteis
749 1669 904 1724 templo
928 1669 1103 1711 Iunonis
1126 1669 1171 1711 in
1193 1669 1338 1735 Argis.

355 1726 496 1768 omnia
518 1733 747 1776 mutantur,
772 1725 875 1767 nihil
898 1725 1052 1767 interit.
1111 1733 1222 1768 errat
1245 1733 1286 1768 et
1308 1725 1422 1768 illinc

354 1783 438 1824 huc
462 1782 596 1832 venit,
621 1782 719 1824 hinc
743 1781 862 1831 illuc,
887 1789 928 1823 et
952 1782 1160 1836 quoslibet
1183 1789 1362 1838 occupat
1384 1789 1500 1826 artus

355 1838 544 1894 spiritus,
570 1852 677 1893 eque
701 1838 801 1880 feris
826 1837 1045 1879 humana
1034 1854 1077 1879 ιιι
1101 1852 1277 1893 corpora
1299 1837 1460 1889 transit,

353 1895 481 1949 inque
504 1895 616 1936 feras
639 1901 793 1944 noster,
817 1908 895 1936 nec
919 1902 1106 1949 tempore
1132 1894 1293 1949 deperit
1315 1894 1416 1936 ullo.

354 1958 486 2005 utque
509 1951 628 1992 novis
653 1950 788 1992 facilis
812 1950 1004 2006 signatur
1028 1964 1123 1992 cera
1147 1950 1307 2006 figuris,

353 2021 432 2049 nec
455 2013 598 2048 manet
621 2013 668 2048 ut
691 2006 847 2055 fuerat,
871 2021 950 2049 nec
973 2006 1130 2048 formas
1154 2014 1294 2049 servat
1317 2005 1499 2057 easdem,

355 2062 429 2105 sed
453 2069 595 2105 tamen
618 2063 711 2118 ipsa
735 2062 882 2104 eadem
907 2071 987 2104 est:
1014 2063 1196 2104 animam
1221 2063 1280 2104 sic
1305 2077 1470 2119 semper
1493 2063 1671 2107 eandem

354 2134 465 2169 esse,
490 2119 599 2161 sed
587 2135 631 2160 111
654 2118 791 2160 varias
816 2118 946 2161 doceo
970 2119 1151 2174 migrare
1176 2119 1346 2184 figuras.

354 2189 476 2231 ergo,
501 2190 555 2217 ne
578 2175 713 2240 pietas
737 2175 790 2216 sit
812 2175 924 2217 victa
949 2175 1143 2230 cupidine
1168 2175 1338 2225 ventris,

353 2232 532 2287 parcite,
557 2231 775 2280 vaticinor,
801 2238 1001 2287 cognatas
1026 2231 1154 2273 caede
1178 2231 1362 2274 nefanda

355 2287 577 2330 exturbare
602 2288 782 2338 animas3
807 2302 886 2329 nec
909 2288 1114 2343 sanguine
1139 2287 1310 2343 sanguis
1335 2288 1482 2330 alatur.

354 2352 396 2387 et
421 2344 621 2399 quoniam
646 2358 800 2400 magno
824 2344 937 2385 feror
961 2358 1142 2398 aequore
1165 2344 1374 2409 plenaque
1398 2343 1534 2386 ventis

353 2401 449 2443 vela
475 2400 590 2442 dedi:
615 2400 718 2442 nihil
743 2406 806 2442 est
830 2406 930 2450 toto,
955 2399 1069 2454 quod
1093 2407 1268 2455 perstet,
1292 2400 1336 2442 in
1360 2399 1474 2443 orbe.

355 2464 507 2499 cuncta
530 2457 685 2506 fluunt,
710 2455 929 2510 omnisque
953 2470 1113 2511 vagans
1136 2456 1374 2498 formatur
1363 2470 1518 2512 imago.

353 2514 446 2569 ipsa
469 2527 636 2567 quoque
661 2512 830 2554 assiduo
854 2512 1054 2554 labuntur
1077 2519 1266 2578 tempora
1287 2519 1406 2554 motu

354 2584 439 2611 non
464 2583 584 2611 secus
608 2583 658 2611 ac
681 2569 851 2610 flumen.
908 2583 1046 2623 neque
1071 2568 1182 2610 enim
1206 2568 1431 2611 consistere
1453 2568 1625 2619 flumen,

354 2639 432 2667 nec
456 2625 560 2667 levis
584 2625 688 2667 hora
710 2631 867 2680 potest.
893 2624 967 2666 sed
990 2631 1037 2666 ut
1059 2624 1174 2666 unda
1195 2624 1423 2690 impellitur
1444 2625 1572 2676 unda,

354 2688 612 2746 urgeturque
638 2681 785 2723 eadem
808 2680 1001 2723 veniente
1024 2688 1231 2745 urgetque
1254 2680 1454 2736 priorem:

353 2747 546 2792 tempora
570 2737 630 2778 sic
653 2737 824 2792 fugiunt
846 2737 1003 2793 pariter
1025 2736 1263 2792 pariterque
1286 2744 1519 2791 sequuntur

355 2804 395 2835 et
420 2808 531 2835 nova
556 2801 652 2835 sunt
677 2807 853 2849 semper.
911 2808 1009 2835 nam
1034 2793 1147 2847 quod
1171 2793 1251 2835 fuit
1275 2801 1392 2845 ante,
1421 2793 1612 2836 relictum
1638 2800 1717 2845 est,
