1786 3242
390 272 471 315 148
830 277 873 312 Ρ.
901 276 1067 314 OVIDII
1089 274 1309 313 NASONIS

298 377 363 408 100
387 369 460 404 aut
485 376 534 403 su
567 374 611 402 er
634 358 832 415 imposita
856 357 1015 400 celatur
1038 355 1272 399 harundine
1298 355 1512 399 damnum.

387 426 432 460 at
454 425 515 466 te,
583 430 674 458 esse
697 414 837 464 feroit,
862 412 1052 456 eiusdem
1075 412 1250 469 virginis
1274 412 1399 455 ardor

387 472 627 530 perdiderat
649 470 810 512 volucri
833 469 1055 512 traiectum
1078 475 1199 525 terga
1222 468 1388 524 sagitta.

387 542 571 583 namque
595 541 706 569 nova
728 533 923 582 repetens
977 525 1104 567 atrios
1128 540 1226 567 cum
1250 524 1429 581 coniuge
1451 539 1598 568 muros

387 591 561 627 venerat
583 583 723 625 Eueni
746 582 915 638 rapidas
963 596 1042 624 ove
1065 588 1189 623 natus
1214 581 1269 623 ad
1291 581 1440 624 undas.

300 655 364 688 105
389 641 558 683 uberior
582 639 718 691 solito,
743 638 896 681 nimbis
921 637 1172 680 hiemalibus
1197 644 1346 680 auctus

389 697 702 751 verticibusque
726 696 924 750 frequens
949 700 1039 736 erat
1063 700 1189 749 atque
1211 693 1440 749 impervius
1464 693 1612 737 amnis.

388 753 645 809 intrepidum
669 767 746 809 pro
771 767 835 801 se,
861 765 1006 794 curam
1030 750 1083 793 de
1107 749 1287 806 coniuge
1312 757 1509 805 agentem

388 810 550 853 Nessus
576 808 682 859 adit,
705 808 990 862 membrisque
1014 807 1158 849 valens
1183 806 1397 861 scitusque
1421 806 1640 859 vadorum,

390 865 655 920 ‘officio'que
681 869 795 907 ‘meo
819 865 911 920 ripa
935 863 1105 905 sistetur
1127 863 1171 904 in
1195 863 1267 904 illa

302 936 367 969 110
390 922 528 972 haec’,
554 922 612 964 ait
635 921 820 963 ‘Alcidez
844 929 892 962 tu
915 919 1074 962 viribus
1098 926 1216 961 utere
1240 918 1419 970 nando3'

389 979 700 1035 pallentemque
724 985 839 1020 metu
862 975 1124 1030 fluviumque
1147 975 1371 1031 ipsumque
1394 975 1611 1019 timentem

390 1035 563 1078 tradidit
586 1034 752 1076 Aonius
776 1033 976 1089 pavidam
1002 1030 1269 1087 Calydonida
1291 1032 1442 1075 Nesso.

389 1106 510 1141 mox,
534 1098 582 1133 ut
606 1097 713 1140 erat,
737 1091 1018 1146 pharetraque
1042 1089 1184 1144 gravis
1210 1088 1428 1144 spolioque
1451 1087 1584 1130 leonis

391 1147 509 1202 (nam
534 1148 694 1189 clavam
721 1154 763 1188 et
786 1160 936 1199 curvos
961 1153 1076 1187 trans
1100 1145 1235 1200 ripam
1259 1144 1430 1187 miserat
1453 1145 1596 1199 arcus)

304 1217 367 1249 115
393 1203 754 1259 ‘quandoquidem
777 1201 916 1258 coepi,
942 1209 1191 1257 superentur
1213 1200 1405 1243 fiumina’
1431 1200 1549 1251 dixit,

391 1275 471 1302 nec
495 1259 660 1301 dubitat
682 1273 780 1310 nec,
805 1273 890 1313 qua
913 1258 967 1300 sit
991 1257 1340 1300 clementissimus
1365 1256 1515 1307 amnis,

392 1316 574 1372 quaerit,
600 1322 642 1358 et
665 1315 868 1369 obsequio
894 1313 1048 1356 deferri
1071 1314 1230 1370 spernit
1254 1328 1470 1368 aquarum.

391 1373 561 1427 iamque
585 1379 732 1414 tenens
755 1372 907 1427 ripam,
932 1370 1082 1412 missos
1107 1384 1203 1412 cum
1227 1370 1391 1412 tolleret
1415 1384 1549 1419 arcus,

394 1428 585 1484 coniugis
610 1428 782 1484 agnovit
806 1442 967 1477 vocem,
991 1427 1213 1481 Nessoque
1236 1426 1401 1482 paranti

305 1500 370 1532 120
393 1485 540 1528 fallere
565 1484 819 1540 depositum:
852 1487 1023 1538 ‘quo‘te
1047 1483 1220 1524 fiducia'
1246 1483 1399 1524 clamat

395 1546 526 1584 ‘vana
549 1541 724 1597 pedum,
749 1541 951 1590 violente,
975 1539 1109 1594 rapit?
1133 1539 1226 1588 tibi,
1251 1538 1386 1581 Nesse
1409 1538 1614 1588 biformis,

395 1598 592 1640 dicimus:
619 1597 794 1647 exaudi,
818 1611 897 1639 nec
921 1611 987 1638 res
1011 1595 1212 1651 intercipe
1235 1594 1420 1637 nostras!

395 1656 431 1696 si
455 1662 495 1697 te
519 1654 636 1696 nulla
658 1653 742 1696 mei
765 1653 1000 1696 reverentia
1025 1652 1176 1702 movit,
1201 1658 1244 1693 at
1268 1651 1389 1694 orbes

395 1711 642 1753 concubitus
666 1710 816 1752 vetitos
840 1716 1034 1765 poterant
1056 1708 1245 1751 inhibere
1269 1708 1445 1764 paterni.

306 1781 369 1815 125
395 1767 509 1810 haud
532 1774 673 1809 tamen
697 1766 895 1821 effugies,
919 1765 1112 1820 quamvis
1137 1779 1216 1820 ope
1238 1764 1333 1806 fidis
1359 1765 1523 1819 equina.

394 1824 586 1873 vulnere,
610 1837 694 1864 non
717 1823 896 1878 pedibus
921 1831 962 1864 te
987 1821 1245 1876 consequar.’
1304 1820 1452 1863 ultima
1475 1821 1588 1863 dicta

393 1896 439 1923 re
462 1880 614 1936 probat
638 1887 679 1922 et
702 1879 829 1920 missa
852 1878 1058 1934 fugientia
1081 1885 1200 1933 terga
1224 1877 1378 1932 sagitta

394 1936 544 1978 traicit.
603 1936 774 1978 extabat
797 1935 954 1977 ferrum
980 1935 1032 1976 de
1055 1942 1223 1989 pectore
1248 1934 1473 1976 aduncum.

394 1993 509 2047 quod
534 1992 657 2034 simul
682 1992 874 2034 evulsum
898 1999 979 2041 est,
1010 1990 1182 2046 sanguis
1211 2004 1287 2045 per
1310 1997 1536 2045 utrumque
1565 1989 1757 2032 foramen

308 2062 371 2094 130
396 2049 584 2098 emicuit,
608 2048 765 2090 mixtus
789 2048 973 2090 Lernaei
996 2048 1093 2089 tabe
1118 2046 1280 2088 veneni.
1684 2084 1689 2091 2

396 2106 552 2161 excipit
574 2105 687 2146 hunc
710 2104 884 2146 Nessus.
944 2108 1099 2158 ‘neque
1124 2103 1235 2145 enim
1258 2102 1485 2144 moriemur
1506 2101 1647 2144 inulti'

397 2177 542 2204 secum
566 2161 639 2211 ait,
666 2168 707 2203 et
731 2161 865 2202 calido
890 2161 1099 2202 velamina
1122 2159 1252 2201 tincta
1277 2173 1424 2201 cruore

395 2219 466 2260 dat
489 2232 642 2259 munus
666 2224 811 2273 raptae
835 2217 951 2259 velut
973 2217 1187 2258 irritamen
1211 2215 1378 2257 amoris.

452 2274 606 2330 Longa
624 2274 705 2315 fuit
716 2273 845 2316 medii
862 2288 980 2315 mora
998 2272 1211 2328 temporis,
1231 2278 1408 2326 actaque
1426 2270 1570 2327 magni
1593 2270 1759 2305 Herculis

307 2343 370 2376 135
394 2331 593 2373 Herculis
617 2330 840 2386 implerant
862 2337 1012 2379 terras,
1037 2329 1264 2384 odiumque
1287 2342 1506 2371 novercae.
1617 2326 1724 2350 ’'mn'‘

395 2388 529 2430 victor
552 2387 606 2428 ab
632 2386 837 2429 Oechalia
863 2385 1032 2429 Cenaeo
1057 2400 1176 2428 sacra
1199 2385 1376 2441 parabat

395 2452 495 2486 vota
518 2443 630 2493 Iovi,
654 2457 751 2485 cum
775 2443 891 2485 fama
912 2443 1069 2497 loquax
1092 2441 1319 2498 praecessit
1342 2440 1397 2483 ad
1421 2455 1557 2491 aures,

395 2500 618 2550 Deianira,
642 2506 756 2550 tuas,
782 2514 890 2554 quae
914 2499 1023 2541 veris
1049 2499 1202 2541 addere
1226 2497 1334 2540 falsa

395 2557 555 2613 gaudet
579 2564 621 2599 et
644 2571 666 2598 e
691 2556 862 2597 minimo
888 2570 964 2598 sua
987 2570 1063 2611 per
1085 2554 1305 2598 mendacia
1329 2553 1489 2604 crescit,

309 2627 373 2658 140
397 2613 808 2668 Amphitryoniaden
832 2612 943 2655 Ioles
969 2611 1116 2654 ardore
1141 2611 1285 2654 teneri.

398 2669 528 2711 credit
553 2685 698 2711 amans
721 2669 985 2723 Venerisque
1008 2682 1143 2710 novae
1167 2667 1386 2723 perterrita
1409 2666 1524 2709 fama

397 2725 570 2767 indulsit
594 2726 727 2781 primo
750 2725 932 2767 lacrimis
957 2725 1181 2778 flendoque
1206 2724 1392 2766 dolorem

399 2781 567 2824 diffudit
589 2782 827 2824 miseranda
851 2797 986 2823 suum.
1046 2795 1143 2823 mox
1169 2780 1319 2823 deinde
1344 2779 1467 2836 ‘quid
1490 2785 1631 2823 autem
