1774 3256
342 262 401 306 26
784 269 829 303 P.
855 266 1020 304 OVIDIl
1043 265 1260 303 NASONIS

343 352 562 395 interitura
584 351 723 407 gravi,
748 365 956 392 summam
980 349 1085 405 petit
1109 349 1263 391 arduus
1289 362 1440 400 arcem,

344 409 457 450 unde
481 408 586 450 solet
607 408 703 449 latis
725 407 860 449 nubes
883 405 1082 448 inducere
1105 405 1239 455 terris,

345 465 458 507 unde
482 471 623 505 movet
646 463 823 504 tonitrus
847 461 1094 516 vibrataque
1117 462 1295 504 fulmina
1317 461 1458 504 iactat.

346 521 422 563 sed
445 534 582 574 neque
605 533 710 573 quas
734 526 877 574 posset
899 518 1020 560 terris
1043 517 1241 561 inducere
1264 518 1399 561 nubes

252 591 322 623 310
346 583 445 618 tunc
468 575 634 625 habuit,
657 589 735 617 nec
758 589 864 629 quos
888 575 1004 617 caelo
1028 574 1264 617 demitteret
1285 574 1453 618 imbres.

345 633 526 682 intonat,
551 640 594 674 et
617 631 766 674 dextra
787 631 987 673 libratum
1010 631 1171 674 fulmen
1195 631 1249 673 ab
1274 645 1376 673 aure

344 688 457 731 misit
479 687 524 729 in
547 688 738 743 aurigam
761 687 999 743 pariterque
1023 687 1245 742 animaque
1268 687 1454 743 rotisque

347 744 507 801 expulit
529 752 572 787 et
595 744 731 786 saevis
756 744 1014 800 compescuit
1036 744 1206 799 ignibus
1229 744 1362 799 ignes.

347 808 665 844 consternantur
688 801 787 855 equi
810 807 852 842 et
874 801 984 842 saltu
1006 800 1051 842 in
1074 800 1280 842 contraria
1302 800 1415 842 facto

254 873 322 906 315
348 859 454 900 eolla
477 858 577 913 iugo
602 857 783 912 eripiunt
806 857 1070 912 abruptaque
1092 857 1183 899 lora
1204 857 1459 912 relinquunt.

346 915 430 956 illic
453 914 573 956 frena
595 914 751 962 iacent,
774 913 859 955 illic
882 919 1049 955 temone
1071 913 1264 955 revulsus

348 971 456 1020 axis,
479 970 523 1012 in
546 970 626 1012 hac
649 970 755 1012 radii
778 969 1008 1012 fractarum
1029 977 1149 1025 parte
1171 977 1371 1019 rotarum,

348 1041 575 1083 sparsaque
600 1033 698 1069 sunt
720 1027 803 1068 late
826 1026 953 1068 laceri
976 1026 1153 1082 vestigia
1177 1040 1336 1068 currus.
1485 1057 1488 1060 >

348 1092 392 1126 at
413 1083 655 1133 Phaethon,
679 1083 824 1125 rutilos
848 1083 1018 1124 flamma
1040 1082 1268 1138 populante
1291 1080 1478 1138 capillos,

255 1155 325 1189 320
349 1141 530 1183 volvitur
552 1140 595 1181 in
618 1154 820 1195 praeceps
844 1139 1056 1194 longoque
1079 1153 1155 1194 per
1177 1141 1275 1181 ae‘ra
1298 1145 1434 1181 tractu

348 1198 493 1246 fertur,
517 1204 565 1238 ut
587 1196 798 1238 interdum
822 1196 875 1238 de
899 1196 1015 1237 caelo
1040 1195 1160 1237 stella
1184 1208 1342 1244 sereno,

349 1254 427 1296 etsi
449 1268 534 1294 non
558 1253 726 1302 cecidit,
751 1252 888 1308 potuit
912 1251 1113 1293 cecidisse
1135 1250 1281 1294 videri.

348 1324 474 1365 quem
497 1310 643 1365 procul
667 1325 692 1351 a
715 1309 850 1365 patria
874 1308 1038 1355 diverso
1061 1308 1269 1350 maximus
1293 1307 1394 1350 orbe

349 1367 503 1422 excipit
526 1365 738 1407 Eridanus
762 1364 1052 1419 fumantiaque
1077 1364 1210 1406 abluit
1232 1379 1318 1406 ora.

256 1436 324 1470 325
349 1423 507 1464 Naides
531 1422 765 1477 Hesperiae
789 1421 928 1463 trifida
951 1421 1158 1463 fumantia
1181 1421 1351 1462 flamma

349 1494 526 1534 corpora
549 1479 651 1520 dant
673 1479 835 1520 tumulo
843 1494 854 1528 3
880 1478 1048 1534 signant
1070 1491 1238 1532 quoque
1263 1475 1445 1519 carmine
1470 1491 1638 1520 saxum:

349 1536 436 1577 ‘hic
460 1535 563 1577 situs
587 1542 651 1577 est
673 1534 914 1583 Phaethon,
940 1549 1085 1576 currus
1109 1534 1257 1588 auriga
1279 1533 1456 1589 paterni.

348 1605 475 1645 quem
500 1591 535 1633 si
558 1606 642 1633 non
665 1591 817 1640 tenuit,
841 1590 1006 1646 magnis
1030 1598 1170 1632 tamen
1195 1589 1351 1632 excidit
1373 1589 1513 1632 ausis?

347 1663 447 1689 nam
470 1654 590 1703 pater
613 1648 835 1696 obductos,
858 1647 976 1689 luctu
1000 1647 1246 1688 miserabilis
1270 1660 1412 1701 aegro,

256 1717 325 1750 330
350 1704 594 1746 condiderat
617 1704 777 1753 vultus3
803 1711 844 1745 et
868 1703 903 1745 si
926 1703 1052 1744 modo
1076 1703 1304 1752 credimus,
1328 1717 1462 1744 unum

348 1761 430 1802 isse
455 1761 566 1802 diem
590 1760 677 1802 sine
702 1761 789 1802 sole
813 1760 966 1801 ferunt.
1025 1759 1218 1801 incendia
1240 1759 1384 1800 lumen

347 1817 625 1872 praebebant,
651 1816 885 1870 aliquisque
909 1815 1019 1856 malo
1043 1815 1124 1857 fuit
1145 1830 1248 1857 usus
1271 1814 1316 1856 in
1337 1814 1422 1856 illo.

350 1880 394 1914 at
418 1871 623 1927 Clymene
648 1880 871 1927 postquam
895 1871 1019 1920 dixit,
1044 1884 1335 1926 quaecumque
1359 1870 1531 1913 fuerunt

348 1928 393 1970 in
416 1929 541 1970 tantis
566 1928 743 1971 dicenda
766 1928 907 1977 malis,
931 1927 1122 1983 lugubris
1147 1934 1189 1970 et
1212 1941 1356 1969 amens

256 1997 324 2029 335
350 1991 390 2027 et
414 1984 570 2027 laniata
594 1985 708 2026 sinus
732 1992 867 2026 totum
889 1983 1127 2039 percensuit
1150 1983 1313 2026 orbem:

349 2041 646 2095 exanimesque
670 2047 784 2083 artus
808 2040 957 2096 primo,
982 2054 1082 2081 mox
1105 2054 1201 2082 ossa
1223 2039 1439 2094 requirens

348 2097 532 2153 repperit
555 2097 671 2151 (ossa
694 2104 834 2139 tamen
858 2096 1081 2152 peregrina
1105 2096 1272 2138 condita
1294 2095 1439 2152 ripal),

347 2153 622 2207 incubuitque
645 2154 737 2195 loco
761 2167 998 2207 nomenque
1020 2153 1064 2194 in
1087 2167 1294 2194 marmore
1316 2153 1472 2194 lectum

347 2210 533 2265 perfudit
554 2209 736 2252 lacrimis
761 2217 802 2251 et
825 2217 970 2265 aperto
993 2215 1161 2264 pectore
1184 2208 1303 2251 fovit.

255 2278 324 2311 340
348 2281 426 2308 nec
449 2266 588 2308 minus
611 2266 813 2308 Heliades
837 2266 985 2321 lugent
1009 2273 1050 2308 et
1072 2265 1213 2307 inania
1235 2264 1359 2307 morti
1530 2274 1703 2310 Heliades.

347 2337 522 2364 munera
546 2322 645 2364 dant
669 2322 883 2371 lacrimas,
909 2329 952 2364 et
975 2336 1122 2364 caesae
1146 2328 1316 2377 pectora
1337 2319 1488 2376 palmis

346 2392 431 2420 non
454 2378 696 2420 auditurum
719 2378 891 2421 miseras
913 2377 1182 2420 Phaethonta
1203 2377 1395 2432 querelas

346 2442 470 2476 nocte
494 2435 645 2489 dieque
670 2442 821 2477 vocant
845 2442 1196 2488 asternunturque
1221 2434 1425 2489 sepulcro.

346 2491 448 2532 luna
471 2498 618 2545 quater
641 2491 793 2533 iunctis
816 2491 1010 2546 implerat
1034 2490 1229 2533 cornibus
1254 2490 1420 2532 orbem:

254 2558 321 2589 345
346 2546 442 2588 illae
465 2562 580 2589 more
606 2562 695 2597 suo,
720 2546 839 2601 (nam
861 2562 1021 2589 morem
1044 2547 1201 2589 fecerat
1223 2546 1345 2601 usus)

346 2603 592 2657 plangorem
617 2603 830 2645 dederant.
889 2618 913 2646 e
937 2605 1030 2658 quis
1053 2602 1317 2652 Phaethusa,
1342 2615 1533 2644 sororum

345 2659 548 2708 maxima,
574 2673 670 2700 cum
693 2660 819 2702 vellet
842 2666 952 2702 terra
974 2658 1269 2715 procumbere,
1292 2665 1441 2713 questa
1465 2665 1529 2700 est

347 2714 579 2770 deriguisse
604 2715 746 2771 pedes.
806 2716 860 2757 ad
883 2729 1012 2770 quam
1035 2722 1186 2757 conata
1208 2714 1350 2757 venire

345 2771 525 2814 candida
547 2770 770 2827 Lampetie
794 2771 933 2814 subita
955 2771 1096 2814 radice
1119 2778 1280 2814 retenta
1304 2777 1380 2813 est.

1730 1141 1732 1143 “
1741 1146 1753 1160 21

1741 1162 1759 1176 ,μ

1729 1183 1758 1205 4.

1728 1208 1747 1223 x
