1774 3256
322 253 403 297 112
756 257 994 296 P.0V1D11
1016 255 1232 294 NASONIS
1696 0 1774 328 ἔ

320 343 480 384 interea
503 339 690 383 validum
713 338 863 404 posito
872 338 1134 380 medicamen
1156 340 1262 380 aeno
1753 336 1774 390 ᾗ

320 399 456 440 fervet
480 403 521 439 et
544 396 746 439 exultats
727 394 971 449 sumisque
995 393 1252 436 tumentibus
1276 392 1400 436 albet.

320 454 405 496 illic
428 452 667 495 Haemonia
690 466 736 493 ra
767 451 851 493 ices
875 451 985 493 valle
1008 457 1189 493 resectas

228 523 296 556 265
322 509 564 563 seminaque
586 508 794 562 floresque
819 514 861 550 et
884 521 1006 549 sucos
1029 506 1217 561 incoquit
1240 513 1350 549 atros
1356 521 1369 556 ς

321 565 449 608 adicit
472 572 658 607 extremo
681 563 843 619 lapides
866 563 1025 605 oriente
1048 563 1200 629 petitos

321 630 363 664 et
387 636 492 676 quas
517 619 681 663 Oceani
704 620 883 663 refluum
906 634 1022 661 mare
1045 619 1149 661 lavit
1171 619 1368 670 harenam

322 678 440 720 addit
461 685 503 719 et
527 683 722 732 exceptas
746 677 847 718 luna
870 683 1068 732 pernocte
1091 675 1264 731 pruinas

322 742 364 777 et
387 734 527 800 strigis
549 733 764 775 infames
752 733 853 789 1psis
879 747 975 774 cum
999 732 1194 774 carnibus
1220 732 1320 782 alas,

231 804 299 837 2⁷0
322 791 450 856 inque
473 790 610 832 virum
633 789 744 832 soliti
766 789 908 831 vultus
932 796 1095 840 mutare
1119 788 1275 830 ferinos

322 846 511 902 ambigui
534 853 726 902 prosecta
749 846 851 901 lupi.
909 860 987 887 nec
1011 836 1146 886 defuit
1168 845 1250 886 illis

324 918 525 969 squamea
549 901 751 958 Cinyphii
773 901 910 968 tenuis
934 901 1179 943 membrana
1202 900 1324 956 chely
1326 900 1391 942 dri

322 959 564 1014 vivacisque
587 959 703 1001 iecur
727 958 852 1008 cervi,
877 957 1065 1012 quibus
1054 972 1225 1013 insuper
1249 957 1366 998 addit

323 1030 396 1058 ora
420 1022 629 1080 caputque
652 1030 805 1057 novem
830 1014 1006 1056 cornicis
1031 1014 1200 1056 saecula
1222 1027 1386 1069 passae.

230 1085 297 1117 275
322 1072 387 1114 his
411 1078 453 1114 et
476 1071 589 1113 mille
613 1071 704 1113 aliis
728 1078 949 1136 postquam
976 1070 1064 1112 sine
1087 1070 1255 1112 nomine
1278 1069 1405 1112 rebus

322 1128 583 1194 propositum
606 1127 803 1169 instruxit
827 1127 991 1168 mortali
1014 1127 1195 1168 barbara
1217 1126 1366 1175 maius,

323 1184 456 1226 arenti
479 1198 596 1226 ramo
619 1183 866 1248 iampridem
890 1183 1002 1224 mitis
1027 1183 1162 1225 olivae

323 1240 464 1283 omnia
487 1240 678 1282 confudit
701 1239 958 1293 summisque
981 1239 1208 1281 immiscuit
1230 1238 1328 1281 ima.

323 1311 421 1339 ecce
444 1303 566 1339 vetus
591 1296 726 1338 calido
750 1302 941 1337 versatus
966 1296 1093 1351 stipes
1117 1299 1223 1337 a'e’no

231 1366 299 1399 280
322 1353 369 1395 fit
393 1353 535 1394 viridis
559 1352 713 1408 primo,
736 1367 815 1394 nec
838 1352 965 1407 longo
990 1359 1178 1407 tempore
1202 1350 1373 1393 frondes

266 1432 269 1434 v
322 1409 459 1451 induit
483 1415 524 1451 et
548 1409 686 1450 subito
710 1408 896 1463 gravidis
921 1415 1118 1450 oneratur
1141 1407 1275 1449 olivis.

325 1473 369 1508 at
392 1479 660 1531 quacumque
685 1479 788 1506 cavo
814 1468 984 1520 spuma's
1008 1464 1130 1506 eiecit
1154 1467 1258 1506 ae‘no

325 1522 456 1578 ignis,
481 1528 522 1563 et
545 1521 589 1563 in
613 1528 767 1563 terram
790 1528 936 1577 guttae
961 1521 1148 1563 cecidere
1173 1520 1368 1570 calentes,

321 1585 469 1621 vernat
491 1578 663 1628 humus,
686 1578 893 1631 floresque
917 1583 960 1619 et
982 1577 1125 1618 mollia
1148 1576 1305 1632 pabula
1328 1580 1520 1632 surgunt.

231 1647 298 1679 285
323 1649 433 1690 quae
458 1634 633 1676 simulac
656 1634 779 1684 vidit,
805 1633 947 1675 stricto
971 1633 1129 1675 Medea
1152 1632 1331 1675 recludit

323 1706 422 1734 ense
447 1690 556 1733 senis
580 1690 794 1746 iugulum,
818 1698 1087 1744 veteremque
1111 1689 1226 1731 exire
1250 1702 1443 1731 cruorem

321 1762 465 1803 passa,
489 1747 623 1802 replet
647 1747 771 1788 sucis.
830 1760 937 1800 quos
961 1754 1187 1801 postquam
1210 1745 1412 1788 combibit
1434 1745 1583 1789 Aeson

322 1810 397 1845 aut
420 1817 492 1845 ore
515 1809 710 1858 acceptos
735 1810 809 1844 aut
832 1802 1024 1851 vulnere,
1050 1802 1182 1843 barba
1205 1815 1434 1856 comaeque

322 1859 474 1902 canitie
497 1859 633 1914 posita
655 1859 824 1914 nigrum
845 1873 1023 1913 rapuere
1048 1858 1241 1900 colorem.

231 1928 298 1961 290
321 1916 445 1972 pulsa
466 1915 575 1971 fugit
599 1915 772 1964 macies,
798 1914 955 1956 abeunt
978 1914 1194 1970 pallorque
1218 1914 1419 1968 situsque,

322 1972 570 2026 adiectoque
594 1986 722 2013 cavae
746 1971 994 2026 supplentur
1017 1985 1190 2026 corpore
1213 1985 1359 2026 rugae,

323 2027 597 2082 membraque
620 2027 847 2068 luxuriant.
906 2027 1051 2068 Aeson
1076 2027 1251 2068 miratur
1274 2033 1316 2069 et
1338 2026 1439 2068 olim

323 2091 420 2127 ante
445 2091 594 2138 quater
618 2084 747 2126 denos
771 2083 884 2124 hunc
907 2098 952 2125 se
976 2083 1255 2125 reminiscitur
1278 2097 1422 2125 annos.

380 2140 557 2183 Viderat
581 2155 634 2182 ex
657 2140 742 2181 alto
766 2140 872 2181 tanti
897 2139 1098 2182 miracula
1121 2139 1295 2181 monstri
1530 2139 1664 2192 Bacphi

232 2209 300 2242 295
324 2196 470 2247 Liber,
496 2203 538 2238 et
562 2196 836 2238 admonitus
825 2210 998 2238 luvenes
1022 2195 1255 2237 nutricibus
1280 2209 1412 2238 annos
1519 2189 1682 2219 '‘mmm'’

322 2267 446 2309 posse
470 2253 557 2294 suis
581 2253 718 2302 reddi,
745 2252 856 2308 capit
879 2252 959 2294 hoc
983 2267 1009 2294 a
1033 2250 1235 2317 Colchide
1259 2267 1425 2294 munus.

379 2309 499 2351 Neve
523 2308 608 2350 doli
632 2315 813 2358 cessent,
837 2308 981 2350 odium
1005 2323 1101 2350 cum
1126 2308 1304 2364 coniuge
1326 2308 1481 2350 falsum
1551 2319 1682 2355 Pelias

321 2365 501 2407 Phasias
525 2365 742 2407 assimulat
764 2364 994 2419 Peliaeque
1019 2365 1073 2406 ad
1095 2364 1240 2406 limina
1263 2364 1443 2420 supplex

323 2422 526 2477 confugit.
586 2428 711 2476 atque
734 2421 868 2471 illam,
893 2421 1141 2476 quoniame,
1116 2421 1255 2463 rrravis
1278 2421 1368 2476 ipse
1393 2427 1560 2464 senecta
1583 2429 1660 2473 est,

232 2491 299 2524 300
324 2478 538 2533 excipiunt
559 2485 702 2520 natae·
727 2492 832 2533 quas
857 2487 1043 2533 tempore
1067 2477 1217 2519 callida
1240 2492 1371 2533 parvo

324 2533 495 2576 Colchis
519 2534 727 2577 amicitiae
751 2534 1000 2577 mendacis
988 2534 1172 2589 imagine
1197 2534 1319 2589 cepit.

323 2591 508 2645 dumque
531 2590 660 2633 refert
683 2590 792 2632 inter
814 2590 1059 2633 meritorum
1081 2591 1283 2640 maxima,
1309 2589 1500 2646 demptos

321 2647 503 2689 Aesonis
528 2661 618 2689 esse
643 2647 766 2697 situs,
791 2654 917 2701 atque
941 2646 1056 2688 hac
1044 2662 1087 2688 ιιι
1110 2653 1229 2702 parte
1252 2653 1455 2698 moratur,

322 2717 417 2758 spes
442 2709 505 2745 est
529 2703 763 2758 virginibus
787 2703 908 2745 Pelia
933 2702 1122 2745 subiecta
1145 2702 1308 2753 creatis,

232 2771 296 2803 305
322 2766 409 2801 arte
435 2774 558 2801 suum
581 2758 704 2815 parili
727 2759 979 2802 revirescere
1003 2774 1126 2816 posse
1150 2766 1380 2815 parentem.
