1786 3242
278 263 775 303 METAMORPHOSEON
796 264 894 301 LIB.
920 264 1008 301 XII.
1034 264 1230 302 394—481.
1359 255 1444 298 209

135 369 137 371 ·
156 368 158 370 ·
179 353 278 397 rat,
302 345 374 390 hic
395 346 596 390 iaculum.
655 346 794 390 iaculo
819 345 923 389 mihi
946 346 1122 390 vulnera
1145 346 1258 390 fecit.

63 403 74 407 ’
147 427 151 439 =
212 402 352 454 vides;
375 411 552 461 apparet
575 403 716 447 adbuc
739 410 862 447 vetus
885 403 984 447 inde
1009 403 1195 447 cicatrix.

59 467 171 504 Famc
192 473 275 517 ego
298 459 532 504 debueram
554 459 762 528 capienda
785 459 841 503 ad
863 459 1080 517 Pergama
1102 460 1233 503 mitti:
1466 475 1535 507 440

55 523 102 562 ἱ
128 541 147 553 ιι
166 523 375 574 ,poteram
396 517 564 574 magni,
588 532 626 560 si
648 531 734 560 non
757 531 978 574 superare,
1002 517 1159 560 morari

65 581 98 610 *2
126 595 167 610 -=·
191 572 266 616 ·r1s
290 587 410 622 arma
431 573 552 617 meis.
610 572 684 616 illo
708 573 785 617 sed
808 581 999 630 tempore
1022 573 1177 623 nullus,

63 647 65 649 ·
87 636 143 674 “t
193 644 286 680 uer,
310 629 474 674 Hector
497 637 586 672 erat
594 646 606 681 3
630 644 745 673 nunc
767 645 837 674 me
860 645 956 673 mea
980 630 1122 674 deficit
1146 637 1276 673 aetas.

63 643 281 744 ¹mllptibi
293 685 497 732 victorem
519 686 678 743 gemini
701 685 964 743 Periphanta
985 686 1205 743 Pyraethi‚

51 718 105 783 ἶ·
123 757 266 810 opyca
286 741 392 798 quid
414 742 622 787 referam?
645 743 718 798 qui
741 742 907 798 quadru
940 743 1103 787 edantis
1128 743 1305 787 Echecli
1467 759 1534 790 445

52 800 104 855 Γ»
118 799 160 843 :t
179 814 226 843 m
248 799 428 843 adverso
451 813 628 843 cornum
654 798 744 842 sine
769 799 890 856 cuspi
921 815 944 842 e
969 800 1103 843 vultu.

1 908 3 910 ,
54 854 62 903 s
105 879 147 893 -ν
165 857 170 862 ”
208 854 534 900 Pelethronium
555 855 785 899 Macareus
809 856 854 898 in
876 865 1026 913 pectus
1051 857 1201 899 adacto

58 938 80 950 -.
99 935 108 949 ι
138 911 216 956 vit
237 912 523 981 Erigdupum.
581 912 757 957 memini
780 920 823 956 et
846 913 1059 956 venabula
1083 913 1208 957 condi

117 990 130 1021 2
262 969 437 1014 Nesseis
461 969 658 1014 manibus
682 969 872 1013 coniecta
897 969 1079 1026 Cymeli.

0 1030 12 1035 ”
42 1038 83 1082 js·
105 1047 139 1064 ι’»
166 1034 215 1071 tu
238 1026 468 1071 credideris
490 1034 658 1070 tantum
682 1027 884 1070 cecinisse
907 1027 1052 1070 futura
1467 1043 1535 1074 450

112 1082 336 1184 3-Ρέοοίὼο
359 1083 579 1141 Mopsum.
637 1083 795 1150 Mopso
818 1083 1029 1150 iaculante
1044 1083 1252 1151 ’biformis

53 1164 80 1194 γι
101 1164 113 1177 ι
201 1147 264 1184 mt
286 1139 529 1197 frustraque
551 1141 671 1196 loqu1
694 1148 915 1197 temptavit
938 1140 1136 1192 Hodites,

6 1239 7 1243 ,
50 1195 120 1242 id
141 1203 332 1242 mentum
354 1197 415 1241 lin
478 1213 504 1241 a
527 1205 756 1252 mentoque
780 1197 836 1240 ad
859 1205 1035 1255 guttura
1059 1198 1158 1240 fixo.

15 1296 17 1298 ,
44 1286 47 1290 -
93 1253 252 1310 uinque
274 1253 370 1298 neci
434 1269 592 1298 aeneus
615 1254 803 1305 dederat,
829 1253 1170 1311 Styphelumque
1194 1255 1486 1311 Bromumque

4 1327 19 1362 ,ς
137 1310 457 1367 timachumque
479 1310 773 1378 Elymumque
795 1311 1158 1368 securiferumque
1182 1311 1439 1368 Pyracmon.
1465 1326 1532 1357 455

15 1366 241 1423 *gvulnera
262 1382 349 1411 non
372 1368 565 1419 memin13
590 1383 816 1411 numerum
839 1383 1079 1424 nomenque
1104 1369 1262 1412 notavi.

15 1421 257 1487 ⁴³²provolat
279 1423 472 1468 Emathii
495 1425 639 1482 spoliis
664 1433 853 1468 armatus
878 1426 1044 1476 Halesi,

29 1494 192 1537 quem
216 1480 393 1526 dederat
414 1481 514 1534 leto,
538 1482 740 1525 membris
765 1489 809 1525 et
832 1496 1008 1539 corpore
1032 1482 1217 1526 Latreus

11 1552 17 1590 ξ
46 1538 287 1582 maximus.
345 1537 446 1582 huic
470 1545 587 1583 aetas
610 1539 720 1582 inter
742 1539 1027 1595 iuvenemque
1052 1554 1296 1596 senemque,

15 1607 18 1609 ·
52 1594 128 1638 vis
150 1595 358 1638 iuvenalis
383 1602 492 1647 erat3
517 1595 741 1638 variabant
764 1603 957 1652 tempora
981 1597 1089 1643 cani.
1464 1611 1533 1644 460

10 1667 17 1700 «ὲ
54 1651 137 1708 qui
159 1651 297 1709 clipeo
319 1651 548 1709 gladioque
571 1652 913 1709 Macedoniaque
937 1653 1092 1696 sarissa

48 1708 319 1766 ὀιιεΡίοιωε
341 1709 580 1765 faciemque
603 1709 809 1752 obversus
833 1710 877 1752 in
902 1725 1058 1766 agmen
1081 1717 1307 1767 utrumque

10 1787 12 1790 >
44 1772 266 1822 armaque
290 1765 502 1810 concussit
525 1773 772 1822 certumque
796 1766 1003 1822 equitavit
1025 1767 1069 1809 in
1093 1767 1241 1810 orbem

16 1863 18 1867 ,
53 1822 279 1878 ‘verbaque
301 1829 366 1866 tot
388 1821 500 1866 fudit
522 1837 681 1867 vacuas
705 1822 922 1866 animosus
944 1824 989 1866 in
1013 1839 1158 1866 auras:

0 1902 11 1912 ν
52 1878 141 1923 ³“et
162 1886 226 1930 te,
252 1877 410 1930 Caeni,
433 1879 595 1923 feram?
618 1895 718 1923 nam
741 1886 789 1923 tu
812 1880 916 1922 mihi
939 1880 1099 1924 femina
1122 1896 1303 1938 semper,
1466 1895 1533 1927 465

57 1942 111 1979 m
131 1935 237 1979 mihi
261 1933 420 1979 Caenis
443 1935 540 1980 eris.
598 1951 679 1980 nec
702 1943 744 1980 te
767 1937 920 1980 natalis
945 1937 1064 1994 origo

19 2031 21 2035 .
43 1992 342 2049 commonuit,
365 1999 636 2049 mentemque
661 1993 793 2045 subit,
818 2008 903 2049 quo
926 1994 1117 2051 praemia
1140 1994 1267 2046 facto,

23 2060 78 2107 '1‘
176 2064 232 2094 ue
254 2049 336 2093 viri
357 2049 510 2093 falsam
533 2050 718 2107 speciem
743 2051 938 2094 mercede
962 2051 1150 2108 pararis?

35 2063 177 2174 ,quintil
189 2105 247 2150 sis
269 2113 391 2158 nata,
415 2107 533 2158 vide,
558 2108 626 2150 vel
650 2107 753 2163 quid
776 2108 833 2150 sis
857 2123 1003 2164 passa3
1029 2109 1268 2163 columque,

22 2195 23 2200 η
51 2177 97 2213 -ι,
121 2177 226 2220 cape
251 2178 350 2206 cum
374 2163 570 2215 calathis,
595 2171 638 2207 et
662 2164 845 2207 stamina
867 2164 1021 2221 pollice
1045 2172 1213 2220 torque:
1465 2180 1534 2212 470

30 2267 35 2272 Ἰ,
60 2219 176 2262 bella
197 2219 389 2276 relinque
412 2220 556 2263 viris.’'
614 2221 789 2263 iactanti
812 2222 914 2264 talia
938 2220 1136 2264 Caeneus

18 2277 281 2334 'sexcentum
307 2291 435 2320 cursu
459 2276 590 2320 missa
612 2278 724 2320 latus
748 2278 858 2321 eruit
879 2278 1015 2329 hasta,

14 2343 149 2388 qua
171 2333 237 2376 vir
260 2347 371 2389 equo
395 2334 645 2377 commissus
671 2342 773 2377 erat.
833 2334 936 2378 furit
958 2334 1030 2378 ille
1056 2335 1199 2379 dolore

57 2389 264 2446 nudaque
286 2389 458 2447 Phyllei
479 2390 645 2434 iuvenis
669 2390 767 2435 ferit
791 2406 866 2434 ora
890 2392 1056 2435 sarissa.

16 2484 19 2488 .
49 2460 150 2490 vnon
173 2461 296 2490 secus
321 2447 427 2491 haec
449 2447 600 2498 resilit,
625 2463 754 2504 quam
777 2448 879 2491 tecti
902 2464 929 2491 a
953 2448 1136 2492 culmine
1159 2449 1338 2506 grando,
1466 2463 1533 2496 475

16 2536 17 2539 η
51 2507 137 2547 ‘aut
161 2503 198 2546 si
221 2503 317 2559 quis
340 2519 473 2561 parvo
497 2503 622 2548 feriat
645 2519 752 2548 cava
774 2511 978 2562 tympana
1002 2520 1118 2548 saxo.
1515 2519 1519 2521 ·

30 2601 43 2614 ,μ
60 2559 300 2605 comminus
323 2576 349 2603 a
379 2560 572 2618 greditur
593 2561 800 2617 laterique
823 2562 1052 2606 recondere
1078 2563 1184 2605 duro

17 2615 247 2660 wluetatur
268 2617 341 2674 gla
373 2617 478 2660 ἠως
503 2618 648 2675 gladio
671 2618 766 2661 loca
788 2619 936 2686 pervia
958 2634 1045 2662 non
1070 2628 1181 2662 sunt.

19 2720 24 2731 ,
60 2673 215 2716 “haud
236 2681 380 2717 tamen
405 2674 604 2731 effugies!
629 2675 768 2718 medio
793 2675 1054 2733 mgulaberis
1079 2692 1193 2727 ense,

51 2730 408 2794 ¹quandoquidem
426 2746 573 2775 mucro
593 2739 657 2775 est
679 2731 844 2776 hebes’'
863 2733 907 2775 in
938 2734 1013 2785 uit,
1035 2741 1076 2777 et
1094 2734 1139 2776 in
1162 2735 1274 2778 latus
1294 2749 1439 2779 ensem
1464 2749 1533 2781 480

21 2822 25 2830 .
51 2785 254 2843 obliquat
276 2787 491 2846 longaque
516 2788 783 2846 amplectitur
806 2789 879 2833 ilia
933 2798 1065 2834 extra.

20 2863 25 2879 -,
51 2866 57 2873 a
129 2852 277 2884 οοεαείοοι.
290 2854 330 2884 11.
1162 2858 1209 2895 14

49 621 59 633 k
