1786 3242
348 260 432 303 142
789 267 834 302 Ρ.
860 266 1024 304 OVIDII
1048 263 1265 303 NASONIS

255 363 320 394 715
347 353 497 391 “‘cura
521 349 647 391 deum
671 348 713 389 di
737 347 837 397 sint,
862 353 904 389 et
928 346 1001 401 qui
1025 346 1210 395 coluere,
1235 344 1436 387 colantur.

400 405 608 447 Desierat.
645 411 902 458 cunctosque
922 410 963 444 et
987 417 1055 445 res
1074 409 1116 445 et
1132 407 1322 443 moverat
1340 408 1504 444 auctor:
1544 411 1705 447 Proteus.

343 461 511 503 Thesea
534 459 771 516 praecipue.
831 473 958 514 quem
981 459 1094 500 facta
1117 457 1263 500 audire
1285 457 1508 500 volentem

343 517 450 559 mira
473 516 598 558 deum
621 516 788 557 innixus
813 515 954 557 cubito
980 513 1240 570 Calydonius
1264 513 1418 555 Amnis

344 572 499 615 talibus
523 572 766 626 alloquitur:
793 575 929 621 ‘sunt,
955 585 979 612 o
1004 570 1248 620 fortissime,
1272 583 1452 624 quorum

255 643 322 674 720
344 629 481 671 forma
504 629 634 671 semel
657 635 772 670 mota
795 634 858 669 est
884 636 926 670 et
948 627 989 669 in
1015 627 1096 669 hoc
1119 626 1390 669 renovamine
1411 625 1586 669 mansit:

346 692 463 735 sunt,
487 685 641 740 quibus
664 684 708 726 in
731 684 872 740 plures
896 683 962 726 ius
987 690 1048 726 est
1072 683 1249 725 transire
1272 682 1444 738 figuras,

345 748 395 784 ut
418 741 514 792 tibi,
540 741 747 797 complexi
771 747 923 782 terram
947 739 1074 782 maris
1098 739 1254 789 incola,
1277 738 1451 781 Proteu.

346 811 446 840 nam
469 797 595 839 modo
619 804 661 840 te
684 797 899 847 iuvenem,
923 796 1050 838 modo
1074 802 1116 838 te
1139 795 1281 837 videre
1303 795 1485 846 leonem3

347 868 461 896 nunc
484 854 692 896 violentus
718 868 831 908 aper,
855 867 988 903 nunc,
1013 867 1139 907 quem
1163 851 1351 907 tetigisse
1374 850 1583 903 timerent,

257 923 322 955 725
347 910 496 966 anguis
521 925 633 961 eras,
657 910 782 951 modo
807 916 848 951 te
873 908 1085 951 faciebant
1109 922 1266 950 cornua
1289 915 1488 949 taurum*

347 981 473 1022 saepe
496 966 604 1022 lapis
627 973 814 1022 poteras,
839 965 963 1007 arbor
986 979 1154 1020 quoque
1178 978 1304 1020 saepe
1327 963 1480 1006 videri:

345 1023 575 1071 interdum,
599 1022 751 1064 faciem
774 1022 1030 1076 liquidarum
1053 1021 1239 1063 imitatus
1264 1034 1482 1075 aquarum,

346 1080 503 1121 flumen
529 1094 638 1121 eras:
664 1079 875 1121 interdum
899 1078 1023 1119 undis
1048 1077 1279 1119 contrarius
1302 1076 1426 1133 ignis.

346 1149 425 1178 nec
449 1135 587 1176 minus
604 1134 806 1190 Autolyci
825 1134 1008 1176 coniunx
1027 1133 1336 1189 Erysichthone
1354 1140 1455 1174 nata
1471 1142 1708 1188 Erysichthon,

257 1203 323 1236 730
346 1191 448 1234 iuris
472 1191 612 1233 habet.
670 1199 790 1246 pater
812 1190 936 1232 huius
962 1201 1069 1239 erat,
1095 1190 1167 1245 qui
1189 1189 1363 1231 numina
1386 1189 1532 1232 divum

347 1254 562 1303 sperneret
585 1254 628 1289 et
649 1247 787 1288 nullos
812 1247 893 1288 aris
918 1247 1105 1289 adoleret
1127 1246 1319 1288 honores.

346 1304 416 1346 ille
441 1303 567 1345 etiam
592 1301 768 1345 Cereale
790 1318 939 1345 nemus
963 1303 1141 1345 violasse
1165 1302 1302 1345 securi

348 1360 500 1402 dicitur
523 1366 566 1401 et
588 1360 706 1401 lucos
729 1359 841 1401 ferro
864 1366 1091 1401 temerasse
1115 1365 1316 1400 vetustos.

350 1416 488 1458 stabat
511 1416 554 1457 in
578 1415 642 1457 his
665 1415 815 1470 ingens
840 1430 999 1457 annoso
1022 1415 1172 1457 robore
1197 1428 1391 1469 quercus,

258 1486 323 1518 735
348 1487 434 1514 una
456 1487 618 1514 nemus.
677 1472 806 1514 vittae
831 1472 1014 1514 mediam
1038 1485 1329 1525 memoresque
1352 1470 1535 1514 tabellae

349 1535 541 1582 sertaque
566 1528 811 1584 cingebant,
836 1528 922 1570 voti
947 1535 1195 1583 argumenta
1218 1527 1412 1583 potentis.

349 1599 473 1640 saepe
498 1584 578 1626 sub
601 1584 681 1626 hac
704 1584 902 1639 Dryades
926 1584 1056 1626 festas
1081 1584 1239 1626 duxere
1264 1583 1456 1626 choreas:

349 1656 474 1696 saepe
499 1641 625 1682 etiam
648 1641 844 1682 manibus
867 1640 986 1682 nexis
1011 1656 1063 1682 ex
1087 1640 1231 1682 ordine
1255 1639 1393 1682 trunci

349 1697 549 1739 circuiere
572 1697 765 1747 modum,
790 1711 1070 1752 mensuraque
1093 1696 1255 1738 roboris
1279 1696 1401 1738 ulnas

259 1768 324 1799 740
348 1754 533 1808 quinque
556 1760 620 1795 ter
641 1753 855 1809 implebat.
913 1768 991 1795 nec
1015 1767 1099 1794 non
1123 1760 1165 1795 et
1188 1760 1326 1795 cetera
1348 1758 1464 1794 tanto

348 1810 454 1852 silva
478 1809 557 1851 sub
580 1809 679 1858 hac,
704 1809 809 1851 silva
833 1817 990 1863 quanto
1014 1809 1093 1850 fuit
1116 1809 1247 1851 herba
1271 1808 1350 1851 sub
1374 1809 1502 1850 omni.

347 1880 432 1908 non
456 1873 597 1908 tamen
619 1865 776 1907 idcirco
799 1865 958 1907 ferrum
982 1865 1204 1921 Triopeius
1227 1865 1299 1907 illa

347 1921 567 1972 abstinuit,
591 1922 855 1976 famulosque
878 1922 995 1963 iubet
1019 1921 1233 1964 succidere
1257 1935 1423 1963 sacrum

346 1978 487 2020 robur.
547 1985 589 2020 et
611 1985 659 2019 ut
681 1978 815 2020 iussos
840 1978 1027 2020 cunctari
1051 1978 1172 2028 vidit,
1197 1977 1252 2019 ab
1275 1992 1360 2019 uno

259 2048 323 2079 745
349 2034 478 2077 edidit
501 2034 604 2076 haec
628 2042 749 2090 rapta
773 2035 999 2077 sceleratus
1024 2034 1153 2076 verba
1177 2033 1331 2076 securi:

349 2095 467 2132 “non
492 2091 643 2133 dilecta
667 2091 770 2133 deae
794 2091 949 2139 solum,
974 2090 1049 2145 sed
1073 2098 1114 2133 et
1136 2090 1229 2146 ipsa
1252 2089 1394 2132 licebit

347 2147 402 2189 sit
425 2147 521 2189 dea:
546 2147 631 2189 iam
654 2154 799 2202 tanget
822 2147 1043 2189 frondente
1067 2146 1284 2189 cacumine
1308 2146 1501 2190 terram.’'

283 2247 288 2258 χ
348 2203 465 2245 dixit.
525 2210 566 2245 et
590 2203 782 2257 obliquos
807 2203 907 2245 dum
932 2204 1063 2245 telum
1087 2203 1212 2245 librat
1234 2203 1278 2245 in
1301 2202 1423 2254 ictus,

348 2260 598 2302 contremuit
620 2260 909 2315 gemitumque
934 2259 1049 2302 dedit
1071 2259 1211 2301 Deoia
1234 2273 1432 2314 quercus:

258 2330 323 2362 750
347 2323 390 2359 et
411 2316 567 2372 pariter
589 2315 759 2358 frondes
767 2327 781 2365 ,¹
801 2316 958 2371 pariter
980 2316 1207 2372 pallescere
1230 2315 1407 2372 glandes

348 2387 542 2428 coepere,
568 2387 618 2415 ac
641 2372 757 2428 longi
780 2373 982 2428 pallorem
1008 2372 1161 2414 ducere
1184 2372 1303 2414 rami.

348 2429 466 2471 cuius
490 2435 537 2470 ut
560 2428 603 2470 in
627 2435 775 2470 trunco
800 2429 900 2471 fecit
923 2444 1073 2470 manus
1096 2428 1226 2484 impia
1249 2429 1416 2480 vulnus,

346 2485 460 2527 haud
486 2485 606 2527 aliter
627 2485 747 2527 fluxit
772 2485 958 2527 discusso
983 2485 1135 2527 cortice
1159 2485 1344 2540 sanguis,

347 2555 474 2595 quam
499 2542 621 2591 solet,
646 2548 742 2583 ante
767 2557 859 2583 aras
883 2542 1032 2597 ingens
1055 2541 1129 2583 ubi
1151 2541 1322 2583 victima
1343 2547 1489 2583 taurus

258 2611 322 2642 755
348 2598 546 2647 concidit,
572 2598 750 2653 abrupta
773 2612 896 2640 cruor
919 2613 942 2640 e
967 2597 1129 2640 cervice
1152 2597 1364 2653 profundi.

347 2654 586 2710 obstipuere
611 2668 775 2704 omnes,
799 2654 1032 2709 aliquisque
1058 2669 1110 2696 ex
1134 2654 1327 2696 omnibus
1351 2654 1479 2696 audet

347 2711 554 2753 deterrere
577 2710 697 2752 nefas
723 2725 975 2766 saevamque
998 2710 1187 2752 inhibere
1211 2710 1449 2766 bipennem.

347 2766 495 2822 aspicit
518 2766 643 2816 hunc,
669 2767 970 2822 “mentis'’que
997 2767 1124 2823 “piae
1149 2781 1251 2823 cape
1274 2765 1512 2823 praemia1''
1537 2765 1644 2810 dixit

1773 447 1786 490 ὲ,
