1774 3256
365 238 860 278 METAMORPHOSEON
882 238 980 276 LIB.
1006 239 1091 277 Vn.
1115 238 1287 275 86—173.
1435 229 1518 274 109

39 307 81 358 f
140 321 342 382 quodque
364 321 502 379 magis
526 322 681 364 mirum
706 328 788 371 est,
814 321 940 364 simul
965 320 1078 364 edita
1102 319 1288 364 concutit
1311 334 1442 363 arma.
1545 334 1610 367 130

142 394 250 438 quoe
273 378 350 422 ubi
372 378 571 422 viderunt
593 386 847 435 praeacutae
872 378 1058 434 cuspidis
1082 377 1225 420 hastas

50 448 73 487 ᾖ
141 437 189 481 in
210 444 340 494 caput
362 435 592 479 Haemonii
615 435 780 479 iuvenis
805 442 1001 490 torquere
1024 441 1236 491 parantes,

36 507 63 543 z*
141 493 350 539 demisere
373 500 492 536 metu
515 493 766 547 vultumque
791 492 1065 546 animumque
1094 490 1281 547 Pelasgi.

29 552 31 555 ’
59 552 62 577 ³
124 551 236 609 'ipsa
257 563 431 606 quoque
455 549 668 600 extimuit,
693 563 804 604 quae
827 556 967 591 tutum
991 548 1151 591 fecerat
1172 547 1312 590 illum:

140 615 274 664 utque
297 606 387 664 peti
410 606 518 649 vidit
539 606 739 649 iuvenem
762 613 825 648 tot
850 605 906 648 ab
930 605 1123 647 hostibus
1146 619 1294 654 unum,
1544 618 1609 651 135

138 664 292 723 palluit
315 671 359 707 et
380 663 520 706 subito
545 663 635 706 sine
659 662 866 718 sanguine
890 661 1047 727 frigida
1070 660 1196 704 sedit:

137 736 249 766 neve
271 735 424 778 parum
448 719 619 763 valeant
642 734 668 761 a
691 734 738 762 se
763 718 862 761 data
884 733 1098 774 gramma,
1124 732 1295 761 carmen

138 777 346 823 auxiliare
370 777 483 820 canit
507 782 776 830 secretasque
801 775 982 817 advocat
1006 781 1131 817 artes.

6 2638 46 2907 oewfifflfflm‘m.
8 2534 42 2604 καὶ
22 2397 50 2505 --Ας-μῖκ

17 2952 42 3070 ῙἾἾΉᾸΪΫἮ
17 2908 38 2944 ξ’ίτ)

139 836 212 880 ille
234 849 412 893 gravem
434 833 597 877 medios
622 832 782 875 silicem
805 832 1013 874 iaculatus
1037 831 1082 873 in
1106 831 1247 874 hostes

138 908 168 937 a
190 907 236 936 se
260 891 486 948 depulsum
507 890 697 933 Martem
720 888 928 932 convertit
949 888 995 931 in
1018 887 1145 944 ipsos.
1546 902 1612 935 140

23 942 60 1002 ξ’
139 949 377 1006 terrigenae
399 954 580 1005 pereunt
601 961 679 1003 per
701 953 850 989 mutua
874 946 1052 988 vulnera
1075 945 1226 988 fratres

139 1007 340 1062 civilique
364 1005 523 1049 cadunt
546 1004 650 1047 acie.
709 1010 933 1060 gratantur
955 1002 1115 1045 Achivi

140 1063 429 1118 victoremque
453 1068 600 1105 tenent
623 1060 844 1115 avidisque
869 1059 1136 1116 amplexibus
1160 1057 1350 1101 haerent.

138 1129 188 1164 tu
211 1134 383 1176 quoque
405 1119 610 1163 victorem
635 1117 879 1174 complecti,
903 1117 1106 1165 barbara,
1131 1115 1281 1159 velles:

139 1176 324 1236 [obstitit
346 1176 515 1233 incepto
538 1175 689 1232 pudor.
748 1181 792 1217 at
815 1174 1037 1230 complexa
1060 1170 1231 1228 fuisses]
1545 1187 1610 1220 145

140 1234 218 1280 sed
240 1242 303 1285 te,
326 1248 381 1277 ne
404 1233 587 1284 faceres,
611 1231 748 1275 tenuit
769 1231 1007 1274 reverentia
1029 1230 1184 1274 famae.

139 1291 258 1349 quod
279 1291 399 1340 licet,
423 1289 580 1333 affectu
603 1289 732 1332 tacito
756 1288 926 1331 laetaris
951 1288 1128 1344 agisque

139 1348 399 1393 carminibus
422 1354 565 1404 grates
590 1354 632 1390 et
656 1346 720 1388 dis
745 1345 989 1388 auctoribus
1014 1344 1180 1386 horum.

197 1405 460 1462 Pervigilem
483 1411 676 1460 superest
699 1402 841 1446 herbis
867 1402 1005 1458 sopire
1030 1402 1271 1451 draconem,

139 1463 217 1520 qui
240 1462 368 1505 crista
389 1461 632 1518 linguisque
656 1460 792 1502 tribus
816 1459 1053 1516 praesignis
1078 1465 1120 1501 et
1143 1458 1266 1500 uncis
1545 1472 1611 1506 150

139 1519 340 1564 dentibus
363 1517 599 1561 horrendus
624 1524 765 1560 custos
790 1524 881 1559 erat
905 1515 1065 1558 arboris
1091 1530 1257 1558 aureae.

141 1578 256 1621 hunc
279 1583 506 1634 postquam
530 1575 684 1631 sparsit
707 1573 890 1616 Lethaei
913 1573 1106 1629 gramine
1131 1571 1220 1614 suci

141 1634 359 1690 verbaque
382 1640 448 1676 ter
470 1631 576 1674 dixit
598 1631 788 1688 placidos
812 1630 1011 1672 facientia
1035 1643 1219 1678 somnos,

138 1706 254 1748 quae
275 1700 394 1734 mare
417 1689 655 1738 turbatum,
680 1702 791 1743 quae
815 1687 979 1730 concita
1001 1687 1178 1729 fiumina
1201 1685 1367 1736 sistunt,

141 1763 317 1792 somnus
340 1746 387 1789 in
407 1746 578 1803 ignotos
602 1746 748 1788 oculos
773 1744 854 1787 sibi
878 1744 1012 1794 venit,
1039 1750 1081 1786 et
1104 1757 1207 1785 auro
1545 1755 1609 1788 155

142 1806 267 1849 heros
289 1803 506 1848 Aesonius
530 1802 709 1859 potitur3
734 1801 955 1858 spolioque
980 1800 1189 1856 superbus

141 1861 330 1906 muneris
354 1867 571 1904 auctorem
594 1874 761 1909 secum,
786 1858 922 1915 spolia
946 1858 1097 1908 altera,
1122 1863 1297 1913 portans

141 1920 279 1964 victor
299 1917 507 1964 Iolciacos
531 1916 668 1973 tetigit
691 1931 790 1959 cum
815 1915 996 1970 coniuge
1020 1921 1180 1971 portus.

199 1974 466 2020 Haemoniae
489 1981 646 2017 matres
670 1988 747 2030 pro
771 1972 910 2030 gnatis
936 1972 1048 2014 dona
1071 1970 1253 2027 receptis
1482 1981 1612 2015 Aeson,

143 2032 461 2092 grandaevique
484 2031 627 2075 ferunt
650 2038 811 2087 patres,
836 2037 1124 2085 congestaque
1148 2028 1320 2070 flamma
1547 2040 1614 2073 160

142 2099 240 2135 tura
261 2089 563 2146 liquefaciunt,
585 2088 844 2142 inductaque
869 2086 1068 2129 cornibus
1093 2100 1245 2127 aurum

142 2147 318 2192 victima
340 2153 441 2190 vota
465 2145 590 2188 cadit.
649 2144 725 2188 sed
749 2144 870 2187 abest
893 2142 1159 2199 gratantibus
1185 2142 1346 2192 Aeson,

142 2205 231 2249 iam
251 2203 424 2261 propior
446 2203 530 2246 leto
553 2202 778 2256 fessusque
802 2200 1005 2243 senilibus
1030 2199 1164 2242 annis.

143 2277 243 2306 cum
267 2261 328 2304 sic
350 2259 607 2304 Aesonides:
633 2263 678 2301 ‘o
703 2258 772 2301 cui
796 2257 951 2300 debere
976 2257 1157 2299 salutem

143 2318 362 2370 confiteor,
385 2317 590 2367 coniunx,
614 2329 876 2371 quamquam
900 2313 1004 2356 mihi
1028 2319 1180 2356 cuncta
1204 2311 1370 2362 dedisti,
1548 2324 1613 2358 165

143 2375 410 2431 excessitque
432 2374 562 2418 fidem
584 2373 831 2416 meritorum
856 2385 1021 2414 summa
1044 2378 1232 2413 tuorum:

145 2433 182 2477 si
204 2440 347 2476 tamen
370 2431 452 2475 hoc
474 2437 653 2488 possunt
675 2429 800 2484 (quid
824 2428 938 2472 enim
960 2442 1046 2470 non
1071 2426 1259 2470 carmina
1282 2425 1520 2483 possunt?),

143 2489 269 2534 deme
291 2488 398 2532 meis
422 2488 543 2530 annis
569 2494 610 2531 et
635 2487 828 2542 demptos
852 2484 961 2528 adde
985 2484 1178 2541 parenti?

78 2550 84 2553 s
144 2561 225 2590 nec
248 2545 385 2590 tenuit
406 2544 616 2588 lacrimas.
675 2550 791 2585 mota
815 2549 878 2585 est
902 2541 1058 2599 pietate
1082 2539 1285 2597 rogantis,

144 2603 477 2657 dissimilemque
501 2601 691 2644 animum
715 2599 845 2642 subiit
869 2599 1010 2642 Aeeta
1031 2598 1216 2641 relictus.
1509 2598 1513 2600 ’
1547 2610 1613 2643 170

144 2675 225 2704 nec
249 2667 393 2704 tamen
416 2658 594 2702 affectus
618 2658 723 2700 tales
749 2656 943 2700 confessa
967 2655 1118 2711 ‘quod’
1142 2654 1281 2710 inquit

143 2717 324 2761 ‘excidit
346 2731 419 2760 ore
443 2723 535 2766 tuo,
560 2714 764 2765 coniunx,
790 2713 953 2757 scelus?
977 2727 1079 2770 ergo
1104 2727 1184 2769 ego
1210 2711 1411 2768 cuiquam

144 2789 269 2832 posse
293 2781 392 2818 tuae
415 2773 563 2817 videor
587 2771 772 2829 spatium
795 2770 1096 2814 transscribere
1119 2769 1256 2814 vitae?
