1786 3242
57 545 59 548 ⁴
89 522 122 545 06
237 517 248 529 ⁸

47 532 487 628 ··ffi¹;223{m1gmffiug‚
510 577 668 632 telique
692 577 822 621 habet
844 578 990 627 instar,
1014 578 1059 620 in
1083 576 1169 621 alta

51 681 56 687 .
87 645 202 746 ἔξω
225 631 396 676 fuerant
418 633 541 690 pinu,
565 633 698 676 votivi
721 649 881 677 cornua
905 634 1032 677 cervi.

89 476 220 520 saepe
242 462 468 506 reluctanti
492 464 715 507 constabat
738 478 897 507 cornua
919 465 1060 507 lunae.

325 533 411 564 une
433 519 565 570 feres,
589 520 663 564 teli
685 521 812 563 modo
837 521 960 577 copia
983 520 1159 564 detur1''

164 695 235 731 tur
255 687 356 733 hinc
379 689 437 732 du
468 690 538 733 lici
563 689 765 746 Gryneus
788 691 833 733 in
857 691 1019 733 lumina
1042 706 1162 733 ramo

86 744 336 812 eruiturque
360 760 412 789 oc
458 761 526 798 os,
549 761 732 802 quorum
755 762 854 803 pars
878 747 1078 813 cornibus
1104 748 1260 798 haeret,

86 815 188 858 pars
211 801 304 845 flmt
327 802 374 846 in
397 802 574 846 barbam
599 811 879 858 concretaque
904 818 1111 860 sanguine
1135 806 1304 870 pendet.

38 855 47 882 ”
86 872 188 902 ecee
211 858 323 916 rapit
345 859 496 902 mediis
518 859 770 903 flaorantem
793 859 988 903 Rhoetus
1013 861 1068 902 ab
1093 876 1177 903 aris

84 914 339 972 pruniceum
361 923 536 966 torrem,
561 894 795 972 ‹ssxtraque
820 931 846 959 a
868 924 988 973 parte
1014 915 1204 960 Charaxi

89 978 280 1039 tempora
301 972 527 1030 perfringit
550 973 668 1016 fulvo
692 981 884 1030 protecta
908 974 1073 1030 capillo.

45 1030 47 1035 ⁴
85 1035 270 1085 correpti
291 1029 460 1086 rapida,
484 1030 616 1073 veluti
640 1045 763 1087 seges
788 1030 925 1080 arida,
949 1031 1122 1073 flamma

84 1092 283 1128 arserunt
305 1086 461 1137 crines,
486 1094 529 1130 et
552 1087 726 1130 vulnere
751 1087 925 1144 sanguis
949 1087 1116 1130 inustus

34 1171 36 1175 ν
84 1141 316 1185 terribilem
338 1142 518 1187 stridore
541 1158 693 1186 sonum
718 1144 852 1187 dedit:
878 1152 926 1186 ut
950 1145 1051 1187 dare
1075 1145 1234 1188 ferrum

28 1207 34 1252 j
75 1197 186 1255 igne
208 1198 366 1242 rubens
418 1200 639 1256 letumque
664 1201 789 1250 solet,
815 1201 928 1256 quod
954 1201 1115 1257 forcipe
1140 1216 1271 1245 curva

38 1283 39 1286 =
83 1269 185 1298 cum
208 1255 331 1299 faber
408 1257 519 1308 uxit,
542 1257 722 1300 lacubus
747 1258 947 1308 demittit3
973 1266 1017 1300 at
1039 1258 1145 1300 illud

7 1342 20 1350 ..
85 1311 237 1356 stridet
259 1319 303 1356 et
324 1312 370 1356 in
392 1313 535 1370 tepida
559 1314 829 1357 submersum
853 1315 994 1357 sibilat
1017 1315 1146 1358 unda.

83 1369 256 1412 saucius
279 1368 454 1413 hirsutis
477 1371 651 1414 avidum
677 1371 730 1414 de
754 1371 940 1414 crinibus
965 1372 1108 1428 ignem

4 1430 25 1476 ,ἰ
83 1425 247 1469 excutit
269 1426 400 1482 inque
423 1442 593 1471 umeros
616 1428 746 1471 limen
771 1429 920 1471 tellure
944 1429 1160 1471 revulsum

0 1486 28 1497 ’“
83 1482 212 1533 tollit,
235 1496 343 1526 onus
365 1484 558 1540 plaustri.
616 1485 732 1552 quod
756 1501 810 1528 ne
834 1486 1049 1542 permittat
1072 1485 1116 1527 in
1140 1486 1318 1537 hostem,

82 1539 178 1596 ipsa
200 1539 304 1582 facit
324 1540 525 1597 gravitas.
585 1556 747 1585 socium
772 1557 943 1598 quoque
968 1558 1096 1586 saxea
1120 1543 1252 1586 moles

3 1591 26 1649 ζ’
81 1596 296 1652 oppressit
319 1597 457 1654 spatio
481 1605 664 1642 stantem
687 1599 883 1655 propiore
909 1597 1129 1642 Cometen.

82 1652 243 1709 gaudia
265 1668 345 1696 nec
367 1655 520 1698 retinet
543 1655 750 1698 Rhoetus.
810 1656 925 1706 “sic,
951 1657 1236 1712 comprecor,‘’
1261 1657 1412 1713 inquit,

4 1716 6 1723 ’
28 1739 30 1741 -
79 1713 259 1753 “cetera
282 1710 336 1753 sit
358 1710 478 1754 fortis
502 1719 738 1755 castrorum
762 1713 888 1757 turba
911 1712 1133 1755 tuorum!''

81 1765 416 1823 semicremoque
439 1776 570 1811 novat
592 1769 818 1836 repetitum
843 1770 985 1826 stipite
1010 1770 1163 1813 vulnus

31 1848 33 1850 -
80 1830 232 1878 terque
254 1832 489 1880 quaterque
513 1840 634 1882 gravi
657 1826 876 1869 iuncturas
900 1826 1068 1869 verticis
1093 1827 1181 1870 ictu

79 1880 215 1937 rupit,
239 1888 283 1924 et
304 1880 349 1924 in
371 1881 534 1937 liquido
557 1883 760 1926 sederunt
783 1898 880 1926 ossa
905 1883 1091 1927 cerebro.

81 1937 217 1984 victor
239 1937 296 1980 ad
318 1936 543 2006 Euagrum
567 1937 892 1997 Corythumque
915 1940 1199 1996 Dryantaque
1223 1942 1386 1985 transit.

77 2009 106 2036 e
129 1994 285 2049 quibus
308 2002 357 2038 ut
378 2010 517 2052 prima
539 2004 676 2040 tectus
699 1997 902 2053 lanugine
926 1998 1060 2040 malas
1176 2051 1179 2053 ,

80 2051 309 2107 procubuit
333 2049 562 2128 Corythus,
588 2057 755 2110 “puero
779 2068 890 2110 quae
914 2054 1051 2111 gloria
1075 2055 1172 2098 fuso

78 2115 203 2164 parta
226 2107 304 2151 tibi
327 2109 416 2152 est?
437 2109 448 2128 '
478 2109 681 2167 Euagrus
705 2111 776 2153 ait.
836 2126 915 2154 nec
940 2111 1080 2155 dicere
1103 2111 1296 2155 Rhoetus

78 2164 204 2221 plura
226 2165 344 2215 sinit,
368 2166 601 2222 rutilasque
625 2167 747 2211 ferox
770 2167 814 2210 in
837 2176 984 2224 aperta
1006 2169 1216 2223 loquentis

76 2221 268 2264 condidit
291 2236 366 2265 ora
389 2222 488 2275 viri,
542 2238 672 2279 erque
696 2239 743 2267 os
767 2225 812 2267 in
835 2231 1025 2281 pectora,
1049 2226 1254 2268 flammas.

77 2285 122 2322 te
145 2292 316 2335 quoque
322 2310 336 2330 ,
360 2294 486 2324 saeve
558 2296 652 2337 rya,
679 2281 838 2324 circum
863 2289 992 2338 caput
1015 2283 1114 2338 igne
1139 2289 1276 2325 rotato

7 2378 14 2381 ⁷
76 2334 332 2391 insequitur3
357 2337 434 2380 sed
456 2351 543 2380 non
565 2337 610 2380 in
634 2345 675 2381 te
700 2352 870 2394 quoque
895 2339 1080 2381 constitit
1102 2339 1216 2382 idem

0 2400 11 2441 2
76 2391 237 2435 exitusz
261 2392 458 2437 assiduae
482 2408 683 2438 successu
708 2395 849 2438 caedis
873 2403 1086 2446 ovantem,

74 2461 164 2503 qua
186 2448 330 2492 iuncta
354 2458 418 2493 est
439 2466 587 2494 umero
611 2452 774 2503 cerviX,
800 2452 905 2496 sude
929 2452 1025 2508 figis
1049 2453 1214 2496 obusta.

74 2504 286 2604 iltiigemuit
309 2506 500 2563 duroque
524 2508 675 2551 sudem
698 2509 772 2551 vix
795 2523 889 2552 osse
913 2510 1077 2552 revellit

0 2920 26 3242 mstss‘ssfflmyfflss
0 2885 14 2910 2.-
6 2821 28 2851 ;-t
6 2803 8 2806 ⁷

84 2616 86 2618 ‚
149 2569 270 2606 oetus
295 2570 338 2606 et
360 2563 452 2620 ipse
477 2579 554 2607 suo
578 2565 842 2609 madefactus
868 2566 1074 2622 sanguine
1098 2566 1222 2623 fugit.

73 2618 188 2674 fugit
211 2627 254 2662 et
279 2617 451 2663 Orne’us
475 2620 762 2678 Lycabasque
787 2630 828 2666 et
853 2623 1022 2666 saucius
1047 2638 1164 2666 armo

72 2675 310 2719 dexteriore
334 2676 498 2721 Medon
522 2686 564 2722 et
589 2693 687 2722 cum
710 2679 913 2723 Pisenore
938 2680 1177 2731 Thaumas3

73 2731 233 2788 quique
256 2733 415 2789 pedum
439 2750 576 2792 nuper
600 2736 828 2780 certamine
853 2737 1012 2780 vicerat
1036 2752 1182 2781 omnes

72 2786 330 2843 Mermeros,
356 2800 530 2850 accepto
555 2800 646 2836 tum
671 2794 844 2837 vulnere
870 2794 1030 2837 tardius
1055 2794 1162 2845 ibat3

305 266 800 307 METAMORPHOSEON
822 269 920 306 ΜΒ.
945 270 1037 307 ΧΠ.
1062 270 1254 308 218-305,
1383 260 1470 306 205

57 386 66 403 ‚⁷
88 348 383 408 depressitque
406 349 534 401 duos,
557 350 747 394 Brotean
770 358 812 394 et
837 349 988 394 Orion.
1047 349 1156 394 Orio

52 407 55 418 ²
91 412 229 450 mater
250 413 343 450 erat
364 405 559 463 Mycale,
583 421 714 463 quam
738 407 966 451 deduxisse
991 408 1181 451 canendo

1495 537 1561 570 265

1492 811 1559 854 27'0

1491 1104 1556 1137 275

1489 1387 1557 1420 280

1487 1671 1552 1704 285

1485 1956 1552 1988 290

1484 2240 1550 2273 295

1411 2516 1413 2518 “
1481 2525 1548 2558 300

1477 2810 1544 2843 305
