1786 3242
53 1220 60 1235 ,
121 1181 198 1232 da,
220 1180 435 1238 Neptune,
457 1182 614 1224 locum.
672 1197 725 1225 ve

51 1258 54 1269 2
120 1237 226 1281 dum
247 1238 412 1293 loquor,
437 1239 634 1295 amplexa
657 1247 722 1282 est
745 1247 861 1283 artus
886 1255 999 1283 nova
1021 1248 1134 1283 terra
1156 1250 1366 1294 natantes,

56 1303 67 1318 ”·
120 1301 166 1339 et
186 1295 331 1352 gravis
352 1294 533 1338 increvit
554 1296 727 1339 mutatis
751 1296 889 1340 insula
912 1298 1141 1340 membris?
1524 1315 1593 1349 600

84 161 101 174 ·-
117 152 157 186 ⁸⁵³2.

327 249 824 289 LOETAMORPHOSEON
846 251 944 288 LIB.
969 251 1075 290 VIII.
1100 252 1296 289 539—626.
1419 243 1503 287 139

23 335 28 374 J
66 318 86 379 ξ’
122 327 325 382 intumui,
349 338 619 387 quantusque
642 332 775 384 feror,
800 348 898 376 cum
922 333 1148 390 plurimus,
1172 348 1375 389 unquam,

31 392 76 435 Ξ,
124 394 267 432 tintus
289 401 428 438 eram,
450 388 691 445 pariterque
715 389 866 432 animis
890 390 1086 433 immanis
1111 398 1153 434 et
1176 390 1302 434 undis

48 443 77 509 ’μ
123 458 154 489 ⁸
173 443 292 488 silvis
315 444 443 487 silvas
466 452 511 488 et
533 445 589 488 ab
611 446 724 488 arvis
748 462 851 489 arva
873 447 1044 498 revulsi,
1526 462 1595 495 585

124 514 309 556 eumque
330 501 426 544 loco
448 501 679 559 nymphas,
703 517 912 546 memores
936 511 1027 546 tum
1052 503 1236 559 denique
1260 504 1417 555 nostri,

22 533 35 587 ¹,
63 570 67 597 ξ
123 557 172 603 in
191 557 303 601 freta
324 558 531 614 provolvi.
589 559 742 602 fluctus
765 567 992 615 nosterque
1016 561 1231 616 marisque

27 640 30 641 ν
126 613 370 661 continuam
393 613 560 657 diduxit
582 614 761 657 humum
785 624 1012 672 partesque
1035 617 1201 660 revellit

71 702 73 704 ψ
123 670 170 715 ‘m
192 669 388 722 totidem,
412 670 563 714 mediis
587 682 693 726 quot
717 672 854 715 cernis
878 672 1122 716 Echinadas
1147 674 1285 716 undis.
1525 690 1594 723 589

180 725 247 771 Ut
268 734 412 770 tamen
428 727 520 784 ipse
538 727 671 778 vides,
694 729 844 784 procul
863 744 916 772 en
939 731 1088 785 procul
1111 745 1198 773 una
1214 731 1388 775 recessit
1411 743 1593 780 Perimele.

60 830 64 831 ⁷
123 783 264 828 insula
285 791 410 841 grata
430 784 554 827 mihi:
577 784 818 828 Perimelen
841 787 985 828 navita
1008 786 1123 830 dicit.

18 861 23 882 τ
69 854 71 859 ’
125 840 226 884 huic
247 854 330 898 ego
352 841 592 896 virgineum
617 841 795 885 dilectae
818 857 973 885 nomen
998 843 1150 885 ademi.

123 896 242 954 quod
293 903 385 940 ater
406 898 703 955 Hippodamas
727 913 854 955 aegre
878 899 993 950 tulit,
1018 900 1148 955 inque
1172 900 1433 957 profundum

31 949 65 1002 τ’
123 967 232 1012 prop
277 954 311 997 it
332 968 357 997 e
381 955 556 1011 scopulo
580 955 793 1012 pariturae
818 970 996 1012 corpora
1017 965 1157 999 natae.

55 1034 63 1054 z
123 1010 292 1068 excepi,
314 1018 572 1066 nantemque
595 1011 737 1054 ferens
762 1016 822 1054 “o
845 1013 1040 1069 proxima
1062 1013 1212 1057 mundi
1525 1031 1592 1064 595

229 1082 256 1111 a
278 1068 448 1124 vagae'’
473 1067 562 1110 dixi
586 1069 763 1112 “sortite
787 1069 1048 1136 Tridentifer
1070 1070 1224 1122 undae,

197 1139 245 1168 ‘³‘
267 1138 411 1182 ⁰⁹⁶¹¹¹’
434 1140 704 1181 m³‘⁵“⁶q”³'
726 1126 1081 1240 ΓέἵῗῖῗοξῖἼῗζὲ
1105 1134 1303 1227 ῗῗέἓιῖἶὶῆ

1081 1216 1092 1234 ,
1264 1217 1275 1227 .

31 1335 53 1383 ³³3
116 1385 118 1388 .
177 1351 334 1395 Amnis
358 1351 414 1394 ab
437 1352 504 1395 his
528 1353 673 1396 tacuit.
733 1353 895 1396 factum
920 1355 1112 1397 mirabile
1138 1362 1313 1399 cunctos

119 1415 325 1452 moverat.
383 1409 531 1452 irridet
553 1410 792 1461 credentes,
816 1418 948 1465 utque
974 1411 1150 1455 deorum

22 2540 26 2548 ⁸
15 2371 53 2480 [⁸33².ss
26 2351 28 2354 v
28 2294 46 2330 «νζ-,Ξ
34 2260 46 2285 ‘a‘

35 1457 52 1484 ·’
119 1479 142 1507 s
218 1471 285 1508 tor
307 1472 400 1508 erat
421 1466 659 1521 mentisque
682 1467 804 1510 ferox
827 1468 977 1510 Ixione
1001 1477 1140 1519 natus,

58 1527 59 1530 ’
121 1525 134 1545 l

170 1528 240 1564 cta
261 1521 396 1566 refers
419 1522 684 1578 nimiumque
709 1532 854 1580 putas,
879 1524 1090 1575 Acheloe,
1114 1532 1310 1582 potentes

117 1592 213 1622 esse
236 1578 366 1629 deos,’
390 1578 498 1622 dixit
521 1580 577 1622 ‘si
601 1580 704 1622 dant
726 1580 1004 1636 adimuntque
1027 1582 1215 1638 figuras.’
1522 1599 1589 1634 605

12 1651 23 1674 ·,
63 1645 67 1678 j
117 1634 362 1692 obstipuere
386 1649 533 1679 omnes
557 1651 637 1679 nec
661 1637 763 1679 talia
787 1637 902 1680 dicta
924 1638 1177 1694 probarunt:

117 1698 217 1735 ante
240 1706 474 1748 omnesque
497 1693 655 1744 Lelex,
680 1695 821 1736 animo
845 1702 1036 1737 maturus
1063 1703 1105 1738 et
1129 1710 1249 1746 aevo,
1360 1720 1542 1756 Philemon
1558 1728 1590 1758 et

116 1747 180 1792 sic
202 1748 280 1791 ait:
305 1749 532 1792 ‘immensa
555 1757 618 1792 est
642 1750 855 1806 finemque
880 1751 1070 1807 potentia
1094 1752 1202 1795 caeli
1398 1766 1542 1803 Baucis.

116 1819 204 1848 non
226 1804 375 1855 habet,
399 1813 443 1849 et
465 1806 670 1862 quicquid
695 1807 837 1863 superi
861 1808 1055 1859 voluere,
1079 1816 1301 1865 peractum
1325 1819 1403 1854 est.

114 1875 286 1961 quoqpe
309 1861 450 1905 minus
474 1863 664 1906 dubites:
689 1864 804 1907 tiliae
829 1866 1092 1907 contermina
1115 1879 1299 1920 quercus
1521 1883 1589 1917 610

114 1918 213 1961 colli
244 1933 295 1962 us
319 1926 384 1962 est
406 1919 628 1976 Phrygiis,
653 1921 820 1964 modico
845 1922 1106 1964 circumdata
1130 1936 1267 1965 muro.

114 1973 207 2032 ipse
229 1975 372 2019 locum
400 1976 501 2019 vidi:
526 1992 625 2019 nam
648 1993 718 2020 me
740 1977 946 2035 Pelopeia
968 1978 1167 2022 Pittheus

114 2030 231 2074 misit
251 2031 296 2075 in
321 2047 424 2076 arva
447 2048 525 2076 suo
549 2034 765 2089 quondam
790 2043 969 2092 regnata
991 2036 1172 2093 parenti.

114 2087 231 2132 haud
252 2090 402 2146 procul
424 2089 524 2133 hinc
548 2099 747 2147 stagnum
772 2100 853 2134 est:
880 2093 1006 2135 tellus
1030 2093 1274 2136 habitabilis
1298 2095 1413 2147 olim,

114 2159 229 2189 nunc
251 2145 440 2189 celebres
463 2147 622 2204 mergis
646 2148 871 2203 fulicisque
895 2150 1154 2205 palustribus
1178 2151 1333 2195 undae.
1520 2166 1587 2199 615

113 2200 308 2269 Iuppiter
331 2202 415 2246 huc
437 2218 457 2246 s
489 2204 578 2247 ecie
602 2205 788 2256 mortali,
813 2220 996 2261 cumque
1019 2214 1195 2263 parente

113 2265 230 2302 vemt
253 2259 447 2303 Atlantia
478 2276 523 2303 es
546 2262 694 2318 positis
719 2262 935 2305 caducifer
959 2263 1049 2305 alis.

113 2314 230 2359 mille
253 2315 402 2359 domos
425 2317 586 2369 adiere,
610 2319 754 2361 locum
777 2320 1054 2375 requiemque
1078 2328 1292 2377 petentes:

113 2371 229 2416 mille
253 2372 402 2416 domos
426 2374 616 2418 elausere
640 2390 772 2418 serae.
832 2383 974 2419 tamen
998 2392 1084 2420 una
1107 2378 1280 2434 recepit,

113 2442 255 2496 parva·
269 2429 462 2485 quidem,
486 2432 652 2487 stipulis
677 2441 719 2475 et
743 2447 879 2475 canna
903 2440 1014 2476 tecta
1037 2435 1232 2490 palustri:
1519 2449 1589 2483 620

113 2484 190 2528 sed
212 2500 286 2542 pia
307 2486 466 2530 Baucis
491 2503 612 2554 anus⁶
622 2489 830 2544 parilique
856 2497 995 2533 aetate
1019 2490 1247 2534 Philemon

113 2540 188 2584 illa
210 2549 311 2585 sunt
334 2543 456 2586 annis
481 2544 615 2588 iuncti
638 2546 926 2597 iuvenalibus,
949 2547 1022 2589 illa

99 2611 374 2643 consenuere
399 2615 511 2643 casa.
569 2610 949 2668 paupertatemque
973 2603 1146 2647 fatendo

36 2668 51 2711 ‘j2
111 2653 295 2700 effecere
317 2656 457 2700 levem
480 2673 560 2701 nec
583 2658 730 2713 imqua
752 2667 893 2703 mente
917 2660 1106 2704 ferendo.

111 2725 193 2756 nec
214 2712 366 2764 refert,
391 2714 584 2758 dominos
608 2716 693 2758 illic
717 2716 956 2760 famulosne
980 2718 1190 2773 requiras:
1518 2733 1586 2766 625

35 2771 44 2786 “·
112 2773 204 2813 tota
226 2769 378 2815 domus
402 2770 488 2816 duo
513 2780 631 2825 sunt,
655 2773 768 2817 idem
792 2782 1027 2831 parentque
1049 2775 1297 2832 iubeatque.
