1774 3256
352 263 407 304 56
792 269 836 305 Ρ.
864 268 1029 306 OVIDII
1053 267 1270 305 NASONIS

351 352 601 394 vaticinatus
627 357 727 392 erat.
786 357 936 406 parent
959 356 1198 404 matresque
1222 364 1452 405 nurusque,

287 421 329 453 10
352 408 540 462 telasque
566 407 836 460 calathosque
858 405 1099 460 infectaque
1122 420 1253 461 pensa
1275 415 1485 463 reponunt

351 472 530 519 turaque
577 463 679 504 dant
725 461 1028 516 Bacchumque
1076 470 1230 504 vocant
1274 463 1579 520 Bromiumque
1619 463 1721 522 Ly«

859 532 1067 573 aeumque
1720 540 1721 543 ε

343 576 678 631 Ignigenamque
703 582 924 629 satumque
946 575 1099 617 iterum
1124 574 1343 630 solumque
1354 576 1609 620 Bimatremz

352 632 520 674 additur
543 632 607 673 his
631 631 800 686 Nyseus
823 631 1154 686 indetonsusque
1177 631 1408 688 Thyoneus

352 697 393 730 et
417 703 512 730 cum
536 688 710 730 Lenaeo
733 688 910 743 genialis
934 687 1116 730 consitor
1137 702 1261 738 uvae,
1717 699 1746 743 τε

286 757 327 788 15
351 744 655 801 Nycteliusque
679 743 935 799 Eleleusque
959 759 1111 799 parens
1136 751 1178 786 et
1201 744 1380 787 Iacchus
1404 752 1445 788 et
1468 744 1638 796 Euhan,
1733 747 1740 750 ”

353 810 395 843 et
419 815 528 855 quae
552 808 769 856 praeterea
793 816 868 856 per
892 799 1045 843 Graias
1069 800 1252 856 plurima
1274 808 1422 857 gentes
1720 828 1723 838 ›

351 857 536 907 nomina,
561 857 705 906 Liber,
729 857 874 899 habes.
909 856 986 898 tibi
1005 857 1116 899 enim
1133 858 1429 914 inconsumpta
1446 858 1617 902 iuventa
1635 865 1752 911 estus}

352 922 399 956 tu
423 928 529 970 puer
552 920 767 964 aeternus,
791 921 837 955 tu
861 913 1188 956 formosissimus
1213 914 1297 956 alto
1724 922 1754 950 θ’

354 970 606 1026 conspiceris
630 970 759 1012 caelo.
818 970 913 1020 tibi,
939 984 1036 1012 cum
1061 970 1149 1012 sine
1175 970 1370 1012 cornibus
1394 978 1520 1021 astas,

287 1041 330 1072 20
353 1027 590 1083 virgineum
615 1033 742 1082 caput
766 1033 842 1069 est.
901 1026 1038 1068 oriens
1064 1026 1140 1068 tibi
1163 1027 1299 1069 victus
1323 1026 1514 1082 adusque

354 1083 523 1126 decolor
545 1090 733 1125 extremo
758 1097 842 1138 qua
865 1082 1072 1138 tinguitur
1094 1083 1218 1125 India
1243 1081 1410 1139 Gange.
1690 1120 1693 1123 .
1726 1079 1762 1152 ᾗ

351 1139 546 1182 Penthea
569 1148 635 1189 tu,
659 1139 916 1190 venerande,
942 1139 1333 1195 bipenniferumque
1357 1139 1606 1196 Lycurgum
1719 1144 1754 1185 βε

354 1197 580 1252 sacrilegos
604 1204 782 1246 mactas,
806 1195 1110 1251 Tyrrhenaque
1135 1196 1263 1238 mittis
1286 1196 1331 1238 in
1354 1210 1512 1251 aequor
1720 1184 1759 1223 ’ἐς

354 1266 542 1308 corpora·
600 1260 647 1294 tu
671 1253 862 1308 biiugum
885 1252 1007 1308 pictis
1031 1252 1212 1308 insignia
1234 1252 1364 1295 frenis

286 1324 329 1355 25
355 1309 463 1351 colla
485 1309 639 1365 premis
663 1310 856 1364 lyncum,
880 1308 1076 1351 Bacchae
1102 1308 1329 1364 Satyrique
1353 1315 1605 1364 sequuntur,

354 1366 510 1420 quique
535 1381 662 1407 senex
686 1366 822 1407 ferula
844 1365 1071 1408 titubantes
1096 1365 1236 1408 ebrius
1260 1373 1376 1407 artus

354 1422 533 1464 sustinet
556 1430 598 1464 et
620 1423 760 1478 pando
784 1436 868 1463 non
892 1422 1055 1464 fortiter
1077 1421 1221 1464 haeret
1244 1422 1387 1464 asello.

354 1492 621 1533 quacumque
644 1478 896 1534 ingrederis,
921 1479 1078 1521 clamor
1099 1478 1304 1521 iuvenalis
1328 1486 1368 1520 et
1392 1493 1478 1521 una

353 1535 560 1577 femineae
584 1550 709 1577 voces
733 1536 996 1591 impulsaque
1020 1543 1222 1590 tympana
1244 1534 1395 1590 palmis

286 1605 330 1637 30
355 1605 622 1646 concavaque
647 1607 745 1634 aera
769 1599 919 1634 sonant
941 1593 1154 1647 longoque
1177 1591 1382 1634 foramine
1406 1590 1563 1634 buxus.

355 1649 566 1703 ‘placatus
591 1648 804 1703 mitisque’
830 1656 981 1704 rogant
1004 1648 1238 1690 Ismenides
1262 1647 1421 1697 ‘adsis‚’

353 1704 552 1758 iussaque
576 1719 695 1746 sacra
719 1705 873 1746 colunt.
934 1705 1047 1746 solae
1071 1704 1312 1760 Minyeides
1335 1704 1449 1746 intus

353 1761 647 1816 intempestiva
671 1761 888 1802 turbantes
912 1760 1021 1802 festa
1043 1761 1242 1802 Minerva
1748 1766 1763 1813 t,

355 1824 427 1859 aut
451 1817 610 1859 ducunt
633 1817 750 1859 lanas
775 1825 848 1859 aut
872 1817 1051 1858 stamina
1074 1817 1224 1872 pollice
1248 1823 1417 1859 versant
1732 1820 1766 1887 3

287 1888 329 1920 35
356 1881 429 1915 aut
451 1873 624 1915 haerent
648 1874 755 1915 telae
779 1873 1042 1927 famulasque
1065 1873 1279 1914 laboribus
1303 1878 1470 1929 urgent.
1713 1883 1771 1921 {e

355 1945 377 1971 e
402 1929 556 1984 quibus
579 1945 665 1971 una
688 1930 770 1971 levi
795 1930 1006 1971 deducens
1031 1929 1181 1985 pollice
1205 1929 1336 1979 filum,
1721 1926 1767 2007 ’,ἒ

355 1986 478 2028 ‘dum
502 1993 667 2028 cessant
690 1986 796 2028 aliae
820 1993 1140 2040 commentaque
1165 2000 1284 2027 sacra
1306 1985 1589 2040 frequentant,
1727 1988 1769 2019 ⁴³)

352 2057 430 2084 nos
454 2056 641 2097 quoque,
666 2056 771 2097 quas
795 2042 958 2092 Pallas,
984 2042 1131 2084 melior
1155 2042 1253 2092 dea,
1279 2041 1454 2084 detinet’
1477 2042 1632 2098 inquit,

354 2099 475 2141 ‘utile
498 2113 604 2154 opus
628 2114 831 2140 manuum
856 2099 971 2140 vario
997 2113 1187 2140 sermone
1209 2098 1418 2140 levemus:
1731 2101 1764 2140 f}

285 2170 330 2200 40
353 2169 513 2211 perque
537 2155 651 2197 vices
675 2155 851 2209 aliquid,
876 2155 990 2209 quod
1014 2162 1204 2210 tempora
1226 2155 1355 2210 longa
1378 2154 1511 2196 videri
1760 2159 1762 2161 ’

351 2226 437 2253 non
461 2211 587 2261 sinat,
612 2212 656 2253 in
679 2211 864 2254 medium
890 2226 1044 2253 vacuas
1067 2211 1298 2253 referamus
1322 2210 1376 2252 ad
1398 2210 1549 2253 aures.’

354 2268 466 2310 dicta
489 2268 686 2323 probant,
711 2269 974 2323 primamque
998 2268 1144 2310 iubent
1167 2282 1337 2309 narrare
1361 2281 1538 2309 sorores.

352 2325 442 2373 illa,
467 2324 570 2378 quid
594 2339 617 2367 e
641 2324 782 2366 multis
806 2325 960 2366 referat
983 2323 1101 2378 (nam
1124 2324 1305 2379 plurima
1327 2323 1482 2374 norat),

353 2381 523 2436 cogitat.
582 2388 623 2423 et
647 2381 776 2422 dubia
800 2388 881 2430 est,
907 2381 959 2423 de
984 2388 1039 2430 te,
1062 2379 1320 2435 Babylonia,
1342 2386 1498 2430 narret,

283 2451 327 2481 45
352 2436 545 2486 Dercefi,
570 2451 697 2491 quam
722 2452 843 2479 versa
867 2437 1052 2491 squamis
1076 2436 1312 2478 velant-ibus
1336 2443 1452 2478 artus

353 2501 502 2549 stagna
523 2493 756 2536 Palaestini
780 2494 955 2536 credunt
979 2500 1161 2536 motasse
1185 2493 1340 2548 figura:

352 2565 406 2591 an
430 2550 584 2605 magis,
609 2558 657 2592 ut
680 2550 856 2606 sumptis
880 2550 990 2591 illius
1014 2550 1100 2591 filia
1122 2549 1271 2605 pennis

352 2613 561 2648 extremos
585 2606 679 2648 altis
703 2606 746 2648 in
771 2607 955 2648 turribus
981 2606 1111 2662 egerit
1136 2620 1287 2648 annos:

350 2662 456 2704 Nais
481 2677 535 2703 an
558 2669 605 2703 ut
630 2671 756 2704 cantu
779 2663 1039 2716 nimiumque
1062 2661 1303 2718 potentibus
1326 2660 1468 2704 herbis
1732 2654 1774 2701 εῗῖ

284 2732 328 2763 50
352 2718 523 2760 verterit
546 2718 591 2759 in
615 2719 764 2760 tacitos
788 2719 1000 2761 iuvenalia
1023 2733 1198 2774 corpora
1220 2718 1372 2774 pisces,
1703 2738 1705 2741 ·

351 2774 484 2817 donec
508 2774 619 2816 idem
643 2790 768 2830 passa
793 2783 874 2817 est:
900 2790 967 2826 an,
993 2789 1101 2830 quae
1125 2789 1252 2830 poma
1276 2774 1372 2816 alba
1394 2772 1572 2823 ferebat,

1743 1087 1762 1104 -,
1734 1019 1759 1076 »5221
1735 942 1757 1003 :wa
