1786 3242
338 237 421 280 120
782 244 826 279 Ρ.
854 243 1018 280 0V1D11
1040 241 1258 280 NASONIS

393 325 613 368 Attonitus
637 330 753 366 tanto
776 324 1024 365 miserarum
1047 323 1213 365 turbine
1236 337 1392 373 rerum,

247 396 312 428 615
339 382 564 437 “Iuppiter
587 379 664 422 01”
691 379 778 421 dixi
802 379 871 421 “si
894 387 935 421 te
959 394 1044 420 non
1067 379 1175 421 falsa
1198 379 1428 434 loquuntur

338 438 451 479 dicta
475 437 554 479 sub
579 436 798 491 amplexus
822 436 1017 491 Aeginae
1041 435 1255 491 Asopidos
1278 435 1376 486 isse,

337 508 416 536 nec
439 500 500 541 te,
524 507 677 547 magne
700 499 832 547 pater,
856 491 987 533 nostri
1011 492 1142 546 pudet
1166 506 1257 534 esse
1281 498 1518 547 parentem:

338 558 411 591 aut
432 549 535 590 mihi
558 549 687 590 redde
710 562 847 597 meos,
877 555 951 590 aut
975 563 1042 590 me
1072 561 1241 602 quoque
1266 548 1399 591 conde
1423 549 1674 605 sepulcro1”

336 606 406 648 ille
430 612 574 647 notam
596 604 763 660 fulgore
787 603 901 646 dedit
924 604 1165 657 tonitruque
1190 605 1387 646 secundo.

196 680 199 681 ⁷
249 674 314 706 620
339 661 552 717 “accipio,
577 661 743 714 sintque
767 661 848 702 ista
870 674 1020 716 precor
1042 660 1182 702 felicia
1204 661 1355 703 mentis

338 718 461 773 signa
484 717 612 759 tuae'’
639 717 738 758 dixi.
799 717 947 771 “quod
973 717 1047 758 das
1071 716 1193 767 mihi,
1217 717 1417 772 pigneror
1439 717 1607 761 omen-’⁹

338 774 447 816 forte
470 773 550 815 fuit
572 773 692 814 iuxta
714 773 868 828 patulis
891 773 1104 815 rarissima
1125 773 1253 815 ramis

340 845 458 873 sacra
480 830 574 871 Iovi
598 844 776 884 quercus
802 829 855 871 de
879 830 1037 872 semine
1061 829 1310 871 Dodonaeo.

339 887 408 929 hic
430 899 507 928 nos
531 886 763 941 frugilegas
788 886 1028 941 aspeximus
1054 886 1222 941 agmine
1245 887 1373 942 longo

248 955 314 986 625
339 942 499 998 grande
524 957 630 984 onus
655 942 810 997 exiguo
834 942 1030 984 formicas
1055 956 1127 984 ore
1152 949 1346 997 gerentes

338 1011 578 1053 rugosoque
604 1013 727 1039 suum
752 1005 965 1041 servantes
990 998 1142 1041 cortice
1167 999 1328 1041 callem.

340 1055 443 1096 dum
465 1069 685 1096 numerum
710 1054 852 1104 miror,
877 1055 1103 1105 “totidem‚
1128 1062 1248 1110 pater
1270 1055 1466 1111 optime,'’
1492 1055 1581 1098 dixi

340 1116 418 1152 “tu
443 1110 546 1152 mihi
570 1110 624 1151 da
649 1110 761 1152 cives
786 1118 827 1153 et
849 1111 990 1152 inania
1013 1111 1179 1153 moenia
1203 1111 1392 1167 supple.''

338 1167 553 1209 intremuit
575 1167 786 1220 ramisque
811 1181 960 1209 sonum
984 1167 1073 1209 sine
1097 1167 1264 1210 fiamine
1288 1167 1412 1210 motis

249 1235 316 1267 680
339 1224 424 1264 alta
448 1223 562 1264 dedit
586 1237 778 1277 quercus.
837 1223 991 1278 pavido
1015 1223 1118 1265 mihi
1142 1223 1331 1265 membra
1353 1224 1502 1267 timore

340 1279 608 1327 horruerant,
634 1279 884 1333 stabantque
908 1294 1065 1322 comae.
1124 1287 1265 1322 tamen
1290 1281 1434 1322 oscula
1457 1288 1598 1324 terrae

339 1335 645 1389 roboribusque
669 1335 779 1376 dedi.
836 1350 915 1378 nec
938 1351 1006 1380 me
1031 1350 1200 1391 sperare
1223 1336 1404 1378 fatebar:

340 1391 562 1446 sperabam
586 1398 726 1432 tamen
752 1398 877 1446 atque
901 1392 1040 1433 animo
1065 1407 1159 1434 mea
1182 1399 1282 1434 vota
1304 1391 1515 1435 fovebam.

339 1462 425 1489 nox
449 1447 580 1497 subit,
605 1454 645 1489 et
671 1447 780 1488 curis
805 1448 988 1490 exercita
1011 1462 1187 1503 corpora
1211 1463 1383 1491 somnus

250 1516 315 1548 635
341 1510 532 1559 occupat.
593 1511 688 1545 ante
713 1504 857 1545 oculos
882 1505 1030 1546 eadem
1053 1504 1156 1546 mihi
1179 1519 1359 1558 quercus
1384 1505 1532 1548 adesse

340 1568 382 1602 et
404 1574 543 1601 ramos
567 1560 743 1601 totidem
766 1560 1024 1614 totidemque
1049 1561 1245 1602 animalia
1268 1561 1395 1603 ramis

339 1617 449 1658 ferre
474 1615 559 1657 suis
583 1616 674 1657 visa
698 1623 778 1665 est,
803 1617 1041 1672 pariterque
1065 1617 1305 1659 tremiscere
1329 1624 1447 1659 motu

339 1672 683 1728 graniferumque
708 1687 861 1727 agmen
886 1673 1083 1715 subiectis
1108 1688 1306 1729 spargere
1328 1674 1372 1715 in
1395 1673 1526 1716 arvis:

340 1743 527 1771 crescere
551 1728 665 1781 quod
688 1729 827 1770 subit-o
852 1736 892 1770 et
916 1730 1050 1771 maius
1073 1730 1294 1784 maiusque
1317 1730 1452 1772 videri

249 1797 315 1829 640
339 1799 389 1826 ac
414 1799 458 1827 se
482 1785 627 1826 tollere
651 1784 780 1825 humo
804 1792 1002 1838 rectoque
1028 1785 1219 1827 assistere
1243 1793 1405 1835 trunco,

340 1848 382 1883 et
405 1840 581 1882 maciem
605 1855 911 1895 numerumque
935 1841 1091 1896 pedum
1114 1841 1367 1897 nigrumque
1392 1842 1575 1885 colorem

338 1911 494 1952 ponere
519 1904 560 1938 et
583 1896 811 1938 humanam
835 1897 1033 1939 membris
1058 1898 1256 1940 inducere
1279 1898 1472 1940 formam.

339 1968 511 1994 somnus
537 1952 636 1994 abit.
696 1953 850 1994 damno
874 1954 1053 2008 vigilans
1076 1969 1170 1996 mea
1194 1954 1298 2004 visa,
1321 1968 1557 2009 querorque

338 2010 382 2051 in
408 2008 569 2064 superis
593 2009 684 2064 opis
709 2024 799 2051 esse
823 2009 938 2051 nihil.
999 2017 1041 2051 at
1063 2010 1107 2051 in
1132 2010 1305 2052 aedibus
1328 2011 1479 2066 ingens

250 2078 315 2110 645
340 2081 531 2107 murmur
555 2073 662 2115 erat,
687 2079 897 2120 vocesque
921 2066 1140 2107 hominum
1164 2067 1363 2108 exaudire
1385 2067 1561 2109 videbar

337 2122 421 2164 iam
445 2121 548 2163 mihi
572 2122 778 2163 desuetas.
839 2122 940 2163 dum
964 2123 1152 2178 suspicor
1174 2122 1250 2164 has
1274 2137 1441 2177 quoque
1465 2123 1616 2175 somni,

340 2192 437 2220 ecce
460 2178 575 2220 venit
598 2178 803 2220 Telamon
826 2193 1029 2234 properus
1053 2179 1297 2233 foribusque
1320 2180 1493 2222 reclusis

339 2239 533 2290 “speque
557 2234 743 2288 fideque,
768 2235 924 2290 pater,'’
951 2235 1056 2277 dixit
1079 2235 1271 2277 “maiora
1294 2235 1469 2278 videbis.

339 2290 591 2346 egredere1”
617 2290 828 2345 egredior:
853 2291 1082 2346 qualesque
1105 2292 1150 2333 in
1172 2292 1355 2347 imagine
1379 2291 1517 2334 somni

247 2359 314 2390 650
338 2347 453 2388 visus
478 2362 592 2388 eram
616 2347 771 2388 vidisse
794 2347 925 2397 viros,
950 2363 1003 2390 ex
1027 2348 1172 2390 ordine
1196 2349 1300 2390 tales

338 2403 494 2458 aspicio
517 2417 750 2457 noscoque3
777 2404 933 2445 adeunt
956 2419 1183 2460 regemque
1208 2405 1403 2447 salutant.

336 2467 437 2500 vota
461 2459 553 2500 Iovi
576 2459 692 2501 solvo
716 2460 966 2515 populisque
990 2461 1227 2503 recentibus
1250 2461 1398 2503 urbem

336 2515 494 2570 partior
518 2523 560 2557 et
583 2530 739 2557 vacuos
762 2516 909 2572 priscis
933 2517 1162 2559 cultoribus
1185 2532 1328 2573 agros:

336 2571 714 2626 Myrmidonasque
738 2587 863 2623 voco,
886 2588 964 2615 nec
989 2573 1150 2629 origine
1172 2574 1344 2615 nomina
1366 2573 1529 2616 fraudo.

247 2640 313 2671 655
339 2641 513 2682 corpora
536 2628 689 2670 vidisti.
747 2643 904 2680 mores,
929 2644 1034 2684 quos
1059 2637 1156 2673 ante
1179 2630 1396 2686 gerebant,

336 2698 450 2725 nunc
460 2697 628 2738 quoque
641 2684 809 2727 habent:
824 2701 997 2741 parcum
1009 2701 1143 2741 genus
1157 2693 1219 2728 est
1231 2687 1477 2742 patiensque
1487 2686 1699 2739 laborum,

336 2739 598 2794 quaesitique
622 2747 767 2791 tenant,
792 2749 833 2784 et
856 2742 968 2797 quod
993 2742 1182 2797 quaesita
1203 2750 1401 2786 reservet.
