1774 3256
265 407 331 440 635

268 690 333 722 640

270 972 334 1004 645

270 1251 337 1283 650

272 1533 336 1565 655

273 1815 339 1846 660

272 2096 337 2129 665

271 2377 338 2409 670

270 2658 336 2690 675

355 247 440 291 104
796 254 839 290 Ρ,
864 253 1029 290 OVIDII
1052 251 1268 289 NASONIS

356 337 424 380 cui
449 336 503 379 sis
527 342 676 392 nupta,
700 333 816 384 vide,
841 333 1061 376 Pandione
1083 340 1203 382 nata,
1225 332 1389 374 marito.
1718 355 1719 358 =
1739 327 1774 369 fi

357 394 605 449 degeneras:
631 391 765 434 scelus
790 397 854 433 est
875 390 1009 446 pietas
1033 389 1078 430 in
1101 390 1279 444 coniuge
1303 387 1470 431 Tereo?

355 464 434 492 nec
458 463 594 491 mora:
620 447 747 489 traxit
770 447 886 502 Ityn,
911 445 1041 488 veluti
1067 444 1304 501 Gangetica
1327 459 1480 488 cervae

355 507 579 549 lactentem
603 503 738 546 fetum
760 518 836 559 per
859 503 985 544 silvas
1009 502 1127 558 tigris
1152 516 1319 558 opacas.

355 569 486 616 utque
511 561 660 603 domus
684 560 793 602 altae
816 566 979 615 partem
1003 566 1174 601 tenuere
1196 564 1415 608 remotam,

356 618 681 672 tendentemque
705 631 855 658 manus
880 623 921 658 et
943 615 1028 657 iam
1053 629 1129 657 sua
1152 614 1241 656 fata
1263 613 1477 656 videntem

358 682 400 717 et
423 680 435 699 ‘
443 681 587 725 mater,
611 672 762 715 mater'
789 673 1038 714 clamantem
1063 678 1104 713 et
1128 671 1235 713 colla
1257 676 1470 726 petentem

358 746 457 774 ense
481 730 577 773 ferit
598 729 789 785 Progne,
813 728 932 771 lateri
955 742 1040 782 qua
1062 734 1210 783 pectus
1234 726 1446 776 adhaeret,

356 802 436 831 nec
459 787 622 829 vultum
646 785 782 828 vertit.
842 785 942 827 satis
965 784 1025 826 illi
1050 784 1103 825 ad
1127 783 1215 825 fata
1239 783 1307 825 vel
1330 796 1463 824 unum

357 844 511 886 vulnus
535 851 642 885 erat:
666 842 859 898 iugulum
882 841 993 883 ferro
1016 840 1253 882 Philomela
1275 838 1459 888 resolvit,

357 901 539 954 vivaque
563 899 701 941 adhuc
725 898 972 951 animaeque
996 896 1153 950 aliquid
1177 895 1399 938 retinentia
1420 893 1612 938 membra

361 957 575 998 dilaniant.
633 970 730 1011 pars
754 954 852 996 inde
877 954 990 995 cavis
1015 953 1174 995 exultat
1198 952 1327 1002 aenis,

359 1028 456 1068 pars
480 1012 649 1054 veribus
674 1011 853 1053 stridunt
861 1026 872 1060 ;
896 1017 1068 1051 manant
1092 1008 1321 1064 penetralia
1344 1007 1458 1050 tabo.

360 1070 424 1111 his
449 1068 621 1111 adhibet
644 1067 826 1109 coniunx
849 1067 1043 1122 ignarum
1067 1065 1205 1108 Terea
1227 1064 1397 1115 mensis,

360 1133 402 1168 et
424 1125 547 1181 patrii
569 1124 696 1165 moris
722 1138 888 1165 sacrum
911 1122 1105 1171 mentita,
1129 1120 1243 1175 quod
1265 1120 1340 1163 uni
1759 1159 1762 1162 ,

359 1182 425 1223 fas
450 1181 503 1223 sit
527 1181 642 1222 adire
666 1180 769 1229 viro,
794 1179 965 1220 comites
989 1178 1254 1232 famulosque
1277 1176 1470 1219 removit.
1735 1174 1774 1224 ,ἕῖ-

360 1238 450 1294 ipse
475 1237 623 1279 sedens
649 1236 752 1277 solio
777 1235 937 1277 Tereus
962 1234 1151 1276 sublimis
1176 1233 1288 1275 avito
1742 1226 1754 1233 “

360 1293 543 1336 vescitur
565 1293 694 1346 inque
718 1306 839 1333 suam
863 1306 940 1332 sua
962 1291 1123 1332 viscera
1147 1289 1335 1345 congerit
1358 1289 1514 1331 alvum.

361 1358 563 1404 tantaque
586 1363 671 1390 nox
696 1348 824 1389 animi
847 1354 928 1389 est:
954 1347 1070 1401 ‘Ityn
1096 1346 1178 1388 huc
1203 1345 1420 1388 accersite'
1446 1343 1566 1386 dixit.

362 1406 623 1448 dissimulare
646 1404 794 1458 nequit
818 1403 1004 1458 crudelia
1026 1403 1183 1458 gaudia
1205 1401 1395 1457 Progne:

360 1463 529 1516 iamque
555 1476 655 1503 suae
680 1461 853 1516 cupiens
878 1459 1056 1516 existere
1079 1458 1228 1500 nuntia
1251 1458 1381 1500 cladis

362 1520 491 1561 ‘intus
515 1518 660 1565 habes,
686 1531 811 1571 quem
835 1515 990 1571 poscis’
1017 1515 1086 1556 ait.
1146 1513 1428 1570 circumspicit
1449 1513 1533 1563 ille,

362 1584 488 1630 atque
512 1574 586 1615 ubi
610 1574 681 1623 sit,
706 1573 882 1627 quaerit.
941 1571 1159 1626 quaerenti
1182 1571 1418 1625 iterumque
1441 1569 1627 1620 vocanti,

362 1632 470 1674 sicut
494 1638 583 1673 erat
606 1630 759 1686 sparsis
783 1628 923 1670 furiali
947 1628 1075 1670 caede
1099 1627 1273 1683 capillis,

361 1687 553 1744 prosiluit
576 1687 766 1742 Ityisque
791 1693 918 1741 caput
940 1684 1177 1726 Philomela
1200 1690 1420 1726 cruentum

362 1744 475 1786 misit
497 1743 541 1784 in
565 1757 638 1784 ora
661 1742 803 1797 patris.
861 1755 940 1783 nec
964 1748 1150 1795 tempore
1173 1740 1321 1781 maluit
1344 1740 1430 1781 ullo

363 1815 487 1855 posse
509 1799 625 1854 loqui
648 1806 690 1840 et
713 1797 864 1840 mentis
888 1797 1031 1839 testari
1054 1796 1211 1851 gaudia
1234 1796 1368 1838 dictis.

363 1856 569 1898 Thracius
591 1855 753 1910 ingenti
776 1869 942 1895 mensas
967 1853 1148 1895 clamore
1172 1852 1336 1908 repellit

362 1912 635 1968 vipereasque
659 1911 740 1952 ciet
765 1909 916 1965 Stygia
940 1909 992 1951 de
1016 1909 1123 1950 valle
1148 1922 1329 1958 sorores3

363 1976 405 2011 et
427 1968 572 2017 modo,
598 1968 633 2009 si
656 1966 806 2022 possit,
831 1973 1013 2008 reserato
1037 1973 1204 2020 pectore
1229 1965 1340 2006 diras

363 2039 534 2080 egerere
556 2023 655 2066 inde
679 2023 808 2078 dapes
833 2023 1108 2075 demersaque
1132 2021 1294 2063 viscera
1317 2020 1463 2076 gestit:

362 2082 433 2123 fiet
457 2080 582 2122 modo
606 2093 734 2134 seque
759 2086 882 2120 vocat
905 2078 1076 2119 bustum
1099 2077 1335 2120 miserabile
1358 2076 1465 2119 nati:

362 2152 475 2179 nunc
499 2136 687 2191 sequitur
709 2135 823 2176 nudo
847 2135 1011 2190 genitas
1034 2133 1254 2176 Pandione
1277 2134 1403 2176 ferro.

362 2207 538 2249 corpora
562 2191 847 2247 Cecropidum
871 2191 1020 2246 pennis
1043 2190 1225 2246 pendere
1249 2197 1436 2246 putares:

361 2249 601 2306 pendebant
622 2248 784 2304 pennis.
842 2261 1021 2301 quarum
1044 2247 1149 2302 petit
1172 2247 1303 2288 altera
1326 2246 1471 2296 silvas3

363 2307 493 2349 altera
517 2312 626 2348 tecta
650 2305 781 2354 subit,
805 2317 942 2358 neque
967 2303 1106 2345 adhuc
1130 2303 1182 2345 de
1206 2310 1374 2358 pectore
1398 2300 1539 2344 caedis

363 2377 579 2405 excessere
601 2369 746 2411 notae,
772 2360 1021 2416 signataque
1044 2359 1249 2414 sanguine
1271 2359 1416 2414 pluma
1439 2365 1515 2400 est.

362 2419 431 2461 ille
448 2419 598 2460 dolore
623 2432 699 2460 suo
723 2431 969 2472 poenaeque
994 2415 1190 2471 cupidine
1213 2415 1337 2457 velox

362 2475 537 2518 vertitur
559 2475 603 2516 in
626 2474 859 2522 volucrem,
884 2473 952 2514 cui
977 2479 1088 2514 stant
1110 2472 1154 2512 in
1178 2471 1333 2513 vertice
1357 2470 1521 2519 cristae,

391 2532 570 2574 rominet
592 2530 864 2572 immodicum
889 2543 965 2584 pro
989 2529 1117 2583 longa
1140 2527 1313 2583 cuspide
1337 2534 1533 2569 rostrum.

361 2547 538 2644 fnomen
561 2601 691 2642 epops
716 2585 897 2634 volucri;
921 2585 1050 2626 facies
1076 2591 1237 2625 armata
1259 2580 1457 2638 videtur.]
1767 2629 1769 2631 r

417 2644 503 2685 Hic
527 2643 645 2684 dolor
668 2650 765 2684 ante
784 2642 894 2683 diem
919 2642 1154 2696 longaeque
1179 2646 1366 2682 extrema
1390 2645 1581 2683 senectae
1618 2638 1699 2691 Orf-

360 2708 551 2755 tempora
573 2699 797 2740 Tartareas
820 2697 1042 2739 Pandiona
1065 2696 1176 2738 misit
1200 2695 1254 2738 ad
1277 2695 1461 2737 umbras.
1604 2684 1707 2728 mma·

361 2764 526 2810 sceptra
548 2754 629 2796 loci
653 2768 877 2807 rerumque
901 2753 1013 2808 capit
1035 2752 1305 2794 moderamen
1328 2750 1604 2799 Erechtheus,

359 2811 518 2854 iustitia
542 2810 716 2854 dubium
740 2810 943 2852 validisne
966 2808 1173 2864 potentior
1197 2807 1335 2850 armis.

1735 566 1770 922 assvmwzwwmf
1752 468 1767 484 s
1768 407 1769 410 „
