1774 3256
251 407 316 438 475

250 687 318 718 480

249 968 316 1000 485

249 1247 317 1279 490

247 1528 313 1560 495

247 1810 313 1841 500

245 2091 310 2123 505

241 2371 309 2403 510

239 2652 304 2683 515

291 500 293 503 r
342 450 505 492 exuviis
529 449 719 504 gaudens
739 448 1028 507 innuptaeque
1052 449 1217 490 aemula
1239 448 1448 493 Phoebes.

343 248 398 291 12
783 256 826 291 P.
854 255 1017 292 OVIDII
1041 254 1258 292 NASONIS

341 337 530 394 protinus
556 337 659 379 alter
682 343 794 378 amat
802 352 814 387 3
838 335 948 391 fugit
972 336 1103 378 altera
1125 350 1279 378 nomen
1303 337 1495 391 amantis,

342 395 540 436 silvarum
564 393 747 435 tenebris
772 392 1116 448 captivarumque
1139 392 1325 434 ferarum

341 507 446 547 vitta
470 505 689 547 coercebat
712 505 871 559 positos
896 504 985 546 sine
1009 504 1103 560 lege
1128 505 1311 560 capillos.

340 561 462 603 multi
484 561 598 602 illam
622 560 796 616 petieret
820 560 893 602 illa
916 568 1108 602 aversata
1131 569 1320 616 petentes

339 617 561 673 impatiens
586 630 819 672 expersque
843 616 921 658 viri
944 631 1162 658 nemorum
1185 618 1281 659 avia
1302 618 1466 669 lustrat,

341 688 420 716 nec
444 673 546 728 quid
570 674 761 728 Hymen,
786 673 888 726 quid
912 673 1061 723 Amor,
1087 673 1188 727 quid
1213 674 1294 716 sint
1318 675 1512 728 conubia,
1536 683 1671 720 curat.

342 744 467 785 saepe
490 736 610 785 pater
633 729 737 770 dixit
763 734 984 784 ‘generum
1007 728 1129 779 mihi,
1153 729 1258 780 filia,
1283 731 1439 774 debes!
1525 733 1530 737 '

342 801 467 842 saepe
490 793 610 841 pater
634 786 736 826 dixit
762 786 909 827 ‘debes
933 785 1057 835 mihi,
1080 793 1198 836 nata,
1223 787 1423 844 nepotes?

340 844 430 891 illa,
454 843 570 884 velut
594 842 750 883 crimen
773 842 918 883 taedas
943 856 1071 884 exosa
1092 842 1269 899 iugales,

340 898 515 954 pulchra
538 898 774 940 verecundo
800 898 1056 940 suffunditur
1079 913 1152 940 ora
1174 900 1341 951 rubore,

340 955 468 1009 inque
491 955 618 1010 patris
644 954 808 996 blandis
833 954 1010 997 haerens
1035 955 1196 998 cervice
1219 956 1386 1000 lacertis

342 1012 415 1052 ‘da
438 1011 540 1052 mihi
564 1019 786 1066 perpetua,
810 1011 977 1067 genitor
1001 1011 1241 1063 carissime‚'
1266 1012 1371 1054 dixit

341 1067 598 1123 ‘virginitate
621 1067 717 1108 frui.
777 1067 891 1109 dedit
914 1067 994 1110 hoc
1018 1074 1136 1123 pater
1159 1075 1255 1111 ante
1278 1068 1471 1113 Dianae?

339 1124 409 1166 ille
434 1123 603 1178 quidem
629 1124 885 1177 obsequitur.
946 1124 1019 1166 sed
1043 1131 1084 1166 te
1109 1124 1235 1166 decor
1257 1124 1354 1175 iste,
1379 1125 1493 1181 quod
1516 1132 1653 1183 optas,
1741 1143 1774 1222 a

341 1195 432 1222 esse
455 1187 587 1229 vetat,
612 1187 794 1234 votoque
819 1188 890 1222 tuo
915 1187 989 1222 tua
1011 1180 1148 1222 forma
1170 1196 1274 1237 repu
1335 1190 1390 1224 at.
1708 1195 1709 1198 ’
1730 1222 1749 1237 ,,
1769 1225 1773 1228 .

341 1235 542 1277 Phoebus
566 1244 679 1278 amat
702 1237 900 1290 visaeque
925 1237 1041 1292 cupit
1064 1237 1245 1280 conubia
1313 1238 1486 1294 aphnes,
1740 1226 1774 1289 -ἶ

341 1292 539 1346 quodque
564 1293 696 1347 cupit,
723 1301 861 1347 sperat
869 1309 880 1342 3
907 1307 1066 1347 suaque
1089 1293 1208 1335 illum
1231 1295 1401 1337 oracula
1424 1295 1588 1338 fallunt.
1743 1299 1771 1323 ‘³²2

339 1356 469 1402 utque
491 1349 605 1390 leves
630 1349 806 1404 stipulae
831 1349 1010 1405 demptis
1034 1349 1254 1392 adolentur
1276 1350 1426 1402 aristis,

339 1412 387 1446 ut
410 1404 573 1446 facibus
599 1420 744 1461 saepes
771 1405 936 1455 ardent,
962 1419 1066 1460 quas
1089 1406 1197 1448 forte
1221 1406 1357 1449 viator

338 1461 405 1502 vel
428 1461 552 1502 nimis
577 1461 762 1503 admovit
785 1462 853 1504 vel
876 1461 962 1503 iam
986 1462 1065 1503 sub
1087 1462 1181 1505 luce
1204 1462 1385 1518 reliquit,

338 1516 398 1558 sic
422 1517 524 1559 deus
548 1517 591 1558 in
615 1517 806 1559 flammas
830 1518 952 1568 abiit,
978 1518 1037 1560 sic
1060 1526 1230 1574 pectore
1253 1526 1341 1562 toto

338 1573 474 1614 uritur
497 1580 536 1615 et
561 1574 743 1616 sterilem
768 1575 974 1629 sperando
997 1575 1128 1616 nutrit
1151 1589 1350 1618 amorem.

339 1636 499 1684 spectat
521 1629 733 1672 inornatos
758 1630 864 1672 collo
887 1631 1071 1686 pendere
1095 1631 1282 1687 capillos,

339 1694 378 1726 et
405 1685 543 1739 ‘quid,
570 1686 605 1727 si
629 1687 888 1728 comantur?
915 1687 984 1728 ait.
1044 1687 1156 1729 videt
1180 1687 1279 1743 igne
1302 1688 1503 1732 micantes

338 1741 544 1783 sideribus
568 1742 723 1783 similes
748 1742 909 1792 oculos3
934 1743 1047 1784 videt
1071 1743 1233 1794 oscula,
1258 1758 1366 1798 quae
1389 1759 1474 1787 non

338 1804 400 1839 est
423 1797 578 1839 vidisse
603 1798 720 1847 satis3
745 1798 888 1839 laudat
913 1798 1147 1854 digitosque
1171 1814 1405 1855 manusque

336 1852 615 1907 bracchiaque
640 1861 680 1896 et
702 1855 839 1895 nudos
862 1855 1001 1896 media
1023 1855 1118 1910 plus
1141 1863 1259 1911 parte
1282 1857 1478 1907 lacertos3

336 1923 530 1963 quaeque
553 1910 701 1960 latent,
726 1910 898 1952 meliora
919 1918 1053 1966 putat.
1104 1911 1215 1967 fugit
1238 1912 1353 1955 ocior
1376 1928 1478 1956 aura

335 1965 407 2007 illa
429 1965 530 2015 levi,
555 1980 692 2019 neque
718 1967 771 2008 ad
795 1966 898 2008 haec
921 1967 1156 2009 revocantis
1180 1968 1310 2011 verba
1331 1969 1503 2011 resistit:

336 2021 558 2076 ‘nympha,
583 2036 743 2077 precor,
766 2022 914 2070 Pene‘i,
943 2022 1085 2065 mane!
1109 2037 1194 2065 non
1216 2024 1415 2079 insequor
1437 2025 1590 2070 hostis:

335 2078 540 2133 nympha,
566 2078 707 2120 mane!
733 2078 793 2120 sic
817 2094 926 2134 agna
950 2079 1116 2134 lupum,
1143 2080 1201 2122 sic
1226 2094 1350 2122 cerva
1373 2081 1549 2133 leonem,

335 2134 393 2175 sic
419 2134 601 2188 aquilam
625 2149 764 2190 penna
787 2135 956 2190 fugiunt
979 2135 1212 2191 trepidante
1237 2137 1470 2188 columbae,

333 2190 475 2232 hostes
499 2204 690 2244 quaeque
715 2205 831 2232 suos:
857 2206 974 2233 amor
997 2200 1059 2233 est
1083 2192 1185 2233 mihi
1209 2207 1336 2235 causa
1360 2194 1576 2248 sequendi.

333 2261 402 2288 me
425 2246 643 2289 miserum!
674 2262 727 2289 ne
751 2262 882 2303 prona
907 2248 1051 2297 cadas,
1076 2248 1302 2304 indignave
1325 2250 1436 2292 laedi

334 2317 456 2344 crura
478 2310 622 2345 notent
647 2310 804 2353 sentes,
830 2310 872 2346 et
896 2304 973 2345 sim
997 2304 1074 2345 tibi
1098 2318 1226 2347 causa
1249 2305 1416 2348 doloris.

333 2373 499 2414 aspera,
525 2373 609 2413 qua
632 2374 850 2416 properas,
875 2361 967 2402 loca
991 2368 1106 2402 sunt:
1130 2361 1404 2412 moderatius,
1430 2376 1517 2412 oro,

333 2429 452 2457 curre
476 2415 706 2470 fugamque
730 2416 891 2458 inhibe:
916 2417 1170 2458 moderatius
1193 2417 1391 2473 insequar
1412 2418 1517 2474 ipse.

332 2471 399 2512 cui
423 2471 608 2526 placeas,
633 2472 796 2527 inquire
820 2480 974 2515 tamen.
1025 2487 1111 2514 non
1134 2473 1271 2515 incola
1292 2474 1459 2524 montis,

330 2541 415 2568 non
439 2542 518 2582 ego
543 2543 636 2569 sum
659 2535 815 2583 pastor,
838 2543 923 2570 non
946 2528 1015 2571 hic
1038 2536 1225 2572 armenta
1246 2544 1483 2586 gregesque

330 2582 523 2625 horridus
549 2584 738 2626 observo.
796 2585 951 2635 nescis,
976 2586 1214 2635 temeraria,
1238 2586 1390 2636 nescis,

329 2652 455 2693 quem
480 2639 637 2695 fugias,
661 2641 840 2694 ideoque
865 2641 991 2697 fugis.
1049 2641 1152 2683 mihi
1174 2641 1385 2698 Delphica
1407 2641 1531 2685 tellus

330 2703 372 2737 et
397 2693 545 2737 Claros
570 2704 609 2738 et
635 2696 830 2739 Tenedos
853 2696 1119 2752 Patareaque
1142 2698 1259 2754 regia
1283 2698 1422 2741 servit.

326 2750 517 2808 Iuppiter
541 2759 601 2795 est
626 2753 807 2808 genitor:
832 2768 907 2809 per
930 2769 1016 2804 me,
1041 2754 1154 2809 quod
1177 2754 1337 2809 eritque
1360 2754 1526 2811 fuitque

1749 2819 1774 3037 'itm-'hm
1750 2763 1765 2795 w*
1764 2735 1765 2738 „
1747 2585 1774 2705 -.-‚„2sss‚2·s.„‘
1758 2550 1774 2566 s
1768 2511 1774 2526 .,
1767 2472 1774 2483 .,
1756 2423 1774 2439 ς.
1747 2274 1774 2400 ;¹.·2..⁴(·'2—-
1744 2178 1774 2264 wls-„2
1757 2090 1774 2164 1·
