1774 3256
398 273 454 316 68
839 282 884 317 Ρ.
910 282 1075 319 OVIDII
1098 282 1315 321 NASONIS

397 363 433 405 si
456 370 597 406 tamen
619 363 664 404 in
687 363 756 405 dio
781 363 995 418 quondam
1019 373 1213 407 concreta
1235 365 1445 421 profundo

398 434 548 475 spuma
571 419 653 469 fui,
679 418 943 474 Graiumque
966 428 1109 463 manet
1132 421 1234 463 mihi
1257 437 1410 466 nomen
1434 421 1597 466 abina.
1756 423 1774 467 '0

398 475 546 516 adnuit
569 475 704 517 oranti
727 475 951 531 Neptunus
976 484 1018 519 et
1041 476 1212 520 abstulit
1234 478 1315 520 illis

396 531 512 585 quod
534 531 708 574 mortale
732 531 832 583 fuit,
856 532 1201 588 maiestatemque
1224 534 1450 578 verendam

305 601 372 632 540
395 587 613 643 imposuit,
638 602 877 643 nomenque
902 589 1027 631 simul
1049 589 1285 646 faciemque
1308 592 1493 642 novavit,

394 643 725 699 Leucotheeque
750 644 876 687 deum
900 660 997 688 cum
1020 654 1154 689 matre
1177 647 1436 690 Palaemona
1461 647 1579 692 dixit.

454 699 655 743 Sidoniae
680 701 873 752 comites,
897 710 1103 757 quantum
1127 704 1311 755 valuere,
1336 711 1505 749 secutae
1595 704 1684 757 1⁶¹¹?
1699 715 1756 738 ⁰⁰·

396 756 517 812 signa
540 757 718 812 pedum,
742 758 878 813 primo
903 758 1045 802 videre
1069 759 1297 802 novissima
1320 775 1442 804 saxo:
1625 754 1733 784 ’Μεθ’

394 827 473 855 nec
498 813 674 855 dubium
699 814 751 856 de
775 822 909 857 morte
933 823 1067 865 ratae,
1094 815 1329 859 Cadmeida
1350 817 1502 873 palmis

305 881 370 913 545
396 870 649 925 deplanxere
674 870 866 922 domum,
891 871 1045 914 scissae
1070 887 1166 914 cum
1190 882 1306 916 veste
1330 873 1517 930 capillos,

394 933 524 981 utque
547 941 698 982 parum
720 927 855 970 iustae
877 927 1137 983 nimiumque
1160 929 1204 971 in
1227 930 1386 985 paelice
1409 944 1574 982 saevae,

394 982 595 1025 invidiam
619 983 757 1026 fecere
781 984 897 1027 deae.
958 985 1146 1027 convicia
1169 986 1278 1027 Iuno

392 1053 479 1081 non
502 1039 597 1081 tulit
621 1047 662 1081 et
686 1039 859 1082 ‘faciam
883 1055 958 1083 vos
982 1041 1095 1096 ipsas
1120 1042 1321 1084 maxima'
1348 1042 1454 1085 dixit

394 1099 407 1118 ‘
414 1094 612 1138 saevitiae
635 1096 892 1139 monimenta
914 1098 1061 1139 meae.²
1120 1113 1186 1140 res
1211 1098 1323 1141 dicta
1346 1107 1490 1142 secuta
1513 1107 1591 1143 est.

304 1164 371 1195 550
393 1166 493 1193 nam
517 1166 625 1206 quae
650 1153 875 1208 praecipue
899 1153 1037 1196 fuerat
1059 1154 1148 1209 pia,
1175 1155 1440 1210 ‘prosequar’
1465 1156 1603 1212 inquit

395 1208 457 1249 ‘in
481 1207 589 1250 freta
612 1209 829 1264 reginam,’
855 1210 1092 1264 saltumque
1117 1211 1267 1253 datura
1290 1212 1450 1255 moveri

393 1264 507 1306 haud
531 1278 710 1318 usquam
739 1265 875 1320 potuit
899 1267 1157 1322 scopuloque
1181 1268 1322 1310 adfixa
1346 1268 1549 1312 cohaesit:

394 1321 525 1362 altera
549 1321 649 1362 dum
674 1322 795 1363 solito
819 1329 997 1378 tempta-t
1020 1324 1221 1379 plangore
1243 1324 1368 1367 ferire

392 1384 583 1431 pectora,
608 1385 831 1433 temptatos
857 1379 986 1421 sensit
1008 1379 1186 1435 riguisse
1208 1380 1405 1423 lacertos:

303 1445 368 1476 555
392 1433 482 1483 illa,
507 1448 657 1475 manus
681 1442 728 1476 ut
750 1435 859 1477 forte
882 1435 1114 1478 tetenderat
1137 1436 1180 1478 in
1204 1436 1331 1480 maris
1354 1437 1504 1490 undas,

394 1503 521 1532 saxea
543 1489 657 1532 facta
681 1505 831 1533 manus
855 1491 899 1533 in
923 1492 1093 1534 easdem
1117 1493 1292 1549 porrigit
1315 1494 1468 1537 undas:

391 1545 537 1596 huius,
561 1554 608 1588 ut
632 1554 844 1603 arreptum
869 1548 1056 1591 laniabat
1079 1550 1234 1592 vertice
1258 1550 1429 1601 crinem,

393 1601 564 1644 duratos
589 1602 727 1645 subito
753 1604 905 1659 digitos
928 1604 972 1647 in
996 1605 1109 1648 crine
1133 1606 1315 1648 videres:

393 1672 477 1712 quo
501 1673 694 1714 quaeque
717 1659 761 1702 in
784 1668 908 1716 gestu
933 1661 1139 1717 deprensa
1162 1669 1245 1713 est,
1270 1662 1407 1706 haesit
1428 1663 1474 1706 in
1496 1663 1580 1707 illo.

302 1726 369 1758 560
392 1729 490 1770 pars
514 1716 704 1758 volucres
729 1716 866 1759 factae
874 1733 885 1767 3
911 1732 1019 1772 quae
1043 1733 1156 1761 nunc
1179 1733 1347 1774 quoque
1371 1720 1540 1777 gurgite
1563 1721 1606 1764 in
1628 1721 1701 1764 illo

393 1785 577 1825 aequora
601 1772 865 1828 destringunt
888 1775 1062 1816 summis
1086 1775 1320 1818 Ismenides
1345 1777 1435 1818 alis.
1770 1808 1774 1813 -

448 1827 595 1869 Nescit
607 1828 873 1884 Agenorides
892 1838 1034 1872 natam
1053 1846 1314 1886 parvumque
1332 1840 1529 1888 nepotem
1544 1833 1693 1868 Cadmus
1710 1837 1753 1887 ‚et
1768 1848 1774 1882 j

392 1884 585 1938 aequoris
610 1899 701 1927 esse
726 1885 839 1931 deos.
887 1887 1004 1929 luctu
1029 1887 1218 1942 serieque
1242 1889 1450 1931 malorum
1541 1878 1750 1914 Hamwma·

391 1940 526 1982 victus
551 1947 592 1983 et
615 1941 809 1992 ostentis,
835 1956 943 1996 quae
966 1943 1148 1999 plurima
1170 1943 1351 1994 viderat,
1375 1946 1463 1988 exit

301 2010 366 2042 565
393 1996 582 2039 conditor
604 1997 709 2040 urbe
734 2013 828 2048 sua,
854 2006 1072 2053 tamquam
1095 2000 1264 2042 fortuna
1287 2001 1488 2052 locorum,

390 2067 475 2095 non
499 2068 576 2094 sua
600 2069 644 2096 se
668 2062 893 2109 premeret3
918 2056 1139 2112 longisque
1164 2057 1372 2100 erroribus
1397 2066 1516 2101 actus

391 2109 566 2165 contigit
590 2110 781 2165 Illyricos
805 2111 988 2167 profuga
1012 2127 1109 2154 cum
1133 2113 1312 2170 coniuge
1336 2114 1453 2158 fines.

389 2165 558 2220 iamque
583 2166 702 2208 malis
728 2168 931 2222 annisque
955 2184 1124 2224 graves,
1150 2169 1252 2211 dum
1275 2170 1410 2226 prima
1431 2179 1658 2215 retractant

389 2222 478 2264 fata
503 2222 651 2264 domus
675 2224 953 2279 releguntque
978 2240 1076 2267 suos
1101 2241 1291 2269 sermone
1314 2227 1493 2279 labores,

300 2292 366 2324 570
392 2283 511 2320 ‘num
536 2294 654 2321 sacer
677 2279 746 2321 ille
770 2296 865 2323 mea
888 2281 1085 2324 traiectus
1110 2283 1283 2338 cuspide
1307 2284 1496 2339 serpens'

391 2333 580 2377 Cadmus
605 2335 662 2377 ait
686 2336 860 2387 ‘fuerat,
885 2345 995 2388 tum,
1020 2352 1117 2380 cum
1142 2337 1299 2382 Sidone
1322 2340 1536 2395 profectus

389 2391 580 2447 vipereos
606 2393 739 2447 sparsi
762 2408 837 2448 per
860 2393 1054 2444 humum,
1078 2409 1189 2437 nova
1213 2396 1390 2446 semina,
1416 2396 1589 2440 dentes?

389 2461 516 2501 quem
540 2448 575 2490 si
600 2463 700 2491 cura
723 2449 849 2492 deum
872 2458 959 2492 tam
983 2459 1096 2493 certa
1118 2451 1305 2494 vindicat
1325 2452 1401 2503 ira,

388 2504 479 2559 ipse
503 2519 652 2560 precor
675 2520 845 2561 serpens
869 2506 912 2548 in
935 2507 1106 2563 longam
1130 2508 1321 2564 porrigar
1343 2509 1512 2552 alvum.'

299 2573 364 2605 575
391 2560 495 2601 dixit
519 2567 573 2611 et,
598 2569 645 2603 ut
669 2576 858 2618 serpens,
881 2563 925 2604 in
948 2563 1119 2619 longam
1144 2564 1328 2607 tenditur
1352 2566 1506 2616 alvum,

389 2616 646 2671 durataeque
672 2619 758 2660 cuti
782 2633 979 2674 squamas
1002 2620 1233 2663 increscere
1257 2621 1383 2664 sentit

387 2672 593 2727 nigraque
618 2675 818 2717 caeruleis
842 2675 994 2717 variari
1017 2691 1192 2732 corpora
1214 2677 1358 2733 guttis,

388 2728 432 2770 in
456 2738 686 2784 pectusque
712 2731 822 2772 cadit
846 2747 1021 2786 pronus,
1047 2733 1350 2788 commissaque
1374 2734 1417 2776 in
1442 2750 1575 2778 unum

387 2785 590 2840 paulatim
616 2787 735 2829 tereti
760 2795 984 2832 tenuantur
1008 2789 1198 2834 acumine
1222 2805 1356 2834 crura.
