1774 3256
103 1031 213 1061 neve
236 1017 315 1060 tibi
337 1017 367 1060 fi

35 1098 42 1121 t
103 1082 218 1118 terra
239 1073 344 1118 nihil
367 1073 540 1124 meruit,
564 1073 786 1130 patuitque
809 1071 944 1115 invita
966 1071 1154 1128 rapinae.

332 251 827 291 METAMORPHOSEON
849 251 947 288 LIB.
973 252 1021 290 V.
1045 252 1239 289 435—522.

102 333 394 392 ruricolasque
417 334 548 378 boves
571 335 657 378 leto
682 334 797 378 dedit
821 348 1008 389 arvaque
1030 333 1154 376 iussit

41 430 59 440 ,.
103 392 251 437 fallere
274 391 515 450 depositum
538 391 772 447 vitiataque
797 390 959 434 semina
982 390 1097 434 fecit.

29 450 42 457 ’
60 470 63 473 ⁴
104 448 299 496 fertilitas
321 456 478 499 terrae,
502 449 637 491 latum
659 449 836 505 vulgata
857 462 935 505 per
957 447 1118 498 orbem,

102 506 217 551 lusa
236 505 361 550 iacet.
419 505 567 562 primis
592 512 758 562 segetes
781 504 1020 547 moriuntur
1041 505 1084 546 in
1109 503 1266 555 herbis,

105 570 149 607 ct
169 563 298 606 modo
322 562 387 606 sol
408 562 585 613 nimius,
608 562 764 604 nimius
788 562 915 603 modo
940 561 1112 618 corripit
1134 561 1283 611 imber,

32 625 41 682 j
55 634 70 674 s,
104 619 328 675 sideraque
351 620 553 675 ventique
576 625 749 668 nocent,
774 618 1009 672 avidaeque
1032 618 1227 660 volucres

63 675 65 678 ’
104 675 268 721 semina
289 676 401 719 iacta
423 676 585 733 legunt.
642 676 790 718 lolium
813 674 1042 733 tribulique
1066 674 1250 731 fatigant

95 731 288 777 *triticeas
311 747 472 776 messes
495 740 539 776 et
560 730 893 788 inexpugnabile
915 746 1107 787 gramen.

103 797 196 834 tum
219 797 348 847 caput
371 789 490 832 Eleis
513 788 721 846 Alphe’ias
745 787 895 830 extulit
918 787 1044 829 undis

103 854 379 903 rorantesque
403 860 546 889 comas
570 861 597 888 a
619 845 758 888 fronte
781 844 962 888 removit
984 844 1040 886 ad
1064 859 1188 887 aures

33 915 54 963 3¹
105 910 233 960 atque
257 903 317 947 ait
339 907 413 946 “‘o
436 910 525 946 toto
549 902 766 958 quaesitae
790 900 966 958 virginis
990 901 1092 944 orbe

104 968 147 1005 et
169 960 346 1027 frugum
367 959 581 1060 {enetrim
603 959 833 1002 immensos
858 958 959 1001 siste
981 957 1164 1009 labores,

301 1017 312 1028 '
398 1032 448 1060 ae
471 1017 658 1060 violenta
679 1016 863 1059 irascere
887 1014 1044 1058 terrae!

39 1173 42 1176 ,
103 1145 183 1175 nec
207 1146 303 1174 sum
322 1145 403 1198 pro
426 1130 564 1188 patria
588 1130 787 1187 supplex:
812 1129 898 1172 huc
921 1129 1090 1185 hospita
1113 1128 1225 1180 veni,

103 1188 209 1232 Pisa
229 1187 336 1231 miln
358 1187 496 1245 patria
519 1194 601 1237 est,
627 1195 669 1230 et
692 1187 748 1230 ab
772 1187 898 1230 Elide
923 1186 1117 1228 ducimus
1143 1194 1280 1228 ortus:

43 1246 46 1248 ’
105 1243 335 1312 Sicaniam·
345 1244 572 1302 peregrina
595 1245 701 1287 colo.
761 1244 837 1287 sed
859 1243 1020 1300 gratior
1044 1243 1160 1285 omni

103 1301 211 1352 haec
233 1301 338 1345 mih1
361 1309 473 1345 terra
496 1302 586 1344 solo
610 1309 688 1344 est.
745 1300 824 1343 hos
847 1315 962 1343 nunc
986 1299 1204 1342 Arethusa
1226 1299 1427 1350 Penates,

102 1359 215 1403 hanc
237 1358 376 1402 habeo
400 1358 565 1402 sedem:
591 1372 721 1414 quam
745 1365 812 1408 tu,
836 1357 1078 1407 mitissima,
1104 1371 1240 1399 serva.

103 1422 221 1459 mota
242 1415 337 1459 loco
361 1430 438 1459 cur
461 1415 541 1458 sim
565 1415 756 1470 tantique
779 1429 856 1471 per
880 1414 1075 1470 aequoris
1098 1413 1236 1456 undas

104 1471 292 1516 advehar
315 1470 564 1530 Ortygiam,
588 1472 731 1515 veniet
753 1471 993 1514 narratibus
1018 1470 1122 1513 hora

103 1529 358 1587 tempestiva
378 1529 504 1580 meis,
529 1544 628 1572 cum
651 1537 699 1571 tu
723 1543 909 1584 curaque
932 1528 1073 1570 levata

105 1594 148 1631 et
171 1587 316 1630 vultus
339 1586 525 1630 melioris
549 1586 644 1629 eris.
702 1585 807 1627 mihi
863 1585 979 1628 ervia
1002 1585 1126 1627 tellus

36 1677 47 1695 ;
133 1643 280 1687 raebet
302 1643 395 1695 iter,
421 1643 650 1698 subterque
673 1642 782 1684 imas
806 1657 832 1684 a
863 1643 950 1684 lata
973 1656 1176 1684 cavernas

38 1728 41 1731 ᾗ
102 1659 174 1744 fiio
197 1715 248 1743 ca
278 1708 327 1743 ut
350 1700 496 1743 attollo
520 1699 782 1754 desuetaque
806 1698 945 1741 sidera
968 1713 1108 1741 cerno.

103 1771 208 1816 ergo
262 1772 336 1800 um
361 1755 516 1814 Stygio
541 1756 622 1799 sub
645 1755 766 1798 terris
791 1755 962 1822 gurgite
984 1755 1120 1805 labor,

43 1832 45 1835 ·
102 1814 198 1858 visa
219 1821 294 1858 tua
317 1821 382 1858 est
405 1813 539 1857 oculis
562 1813 649 1856 illic
670 1812 931 1869 Proserpina
953 1812 1127 1854 nostris:

102 1870 178 1915 illa
200 1871 374 1927 quidem
397 1870 549 1922 tristis,
573 1884 712 1925 neque
737 1869 878 1912 adhuc
901 1869 1092 1912 interrita
1118 1869 1252 1920 vultu,

105 1927 183 1972 sed
203 1929 353 1986 regina
375 1935 538 1978 tamen,
563 1927 638 1970 sed
662 1926 785 1983 opaci
807 1926 994 1968 maxima
1017 1926 1179 1976 mundi,

105 1984 182 2028 sed
203 1991 347 2029 tamen
369 1984 525 2028 inferni
546 1984 710 2041 pollens
734 1991 928 2026 matrona
951 1982 1176 2040 tyranni.'''

105 2049 244 2086 mater
267 2042 322 2085 ad
347 2042 514 2085 auditas
540 2041 703 2098 stupuit
726 2055 806 2083 ceu
829 2055 960 2083 saxea
983 2054 1125 2090 voces,

106 2099 395 2155 attonitaeque
419 2099 493 2142 diu
518 2098 666 2141 similis
689 2097 783 2140 fuit.
842 2106 976 2152 utque
1001 2097 1146 2139 dolore

103 2157 230 2214 pulsa
251 2155 374 2213 gravi
396 2155 541 2213 gravis
565 2163 630 2198 est
653 2155 856 2204 amentia,
882 2154 1076 2196 curribus
1100 2168 1225 2196 auras

105 2213 194 2257 exit
215 2213 260 2256 in
284 2213 506 2256 aetheriae.
564 2212 626 2254 ibi
650 2219 738 2254 toto
761 2211 910 2253 nubila
933 2211 1055 2253 vultu

105 2277 205 2314 ante
227 2270 378 2313 Iovem
400 2269 537 2327 passis
563 2269 678 2312 stetit
700 2268 911 2311 invidiosa
935 2266 1098 2323 capillis

105 2327 362 2384 “‘pro’''que
386 2331 532 2370 “‘meo
555 2326 654 2369 veni
679 2326 859 2391 supplex
883 2324 980 2373 tibi,
1007 2322 1252 2380 Iuppiter,'''
1276 2322 1426 2378 inquit,

28 2418 31 2440 ἱ
106 2384 365 2441 “‘sanguine
386 2397 550 2441 proque
574 2390 663 2426 tuo.
723 2398 758 2424 s1
782 2382 900 2424 nulla
924 2388 988 2424 est
1011 2380 1150 2437 gratia
1171 2380 1333 2430 matris,

104 2448 206 2484 nata
228 2448 394 2498 patrem
416 2447 600 2483 moveat.
659 2454 743 2482 neu
769 2439 823 2481 sit
846 2438 924 2480 tibi
949 2452 1071 2489 cura,
1096 2451 1334 2493 precamur,

105 2497 229 2541 vilior
250 2497 384 2548 illius,
409 2496 526 2552 quod
548 2503 693 2539 nostro
717 2502 781 2538 est
805 2494 920 2538 edita
943 2501 1081 2551 partu.

106 2569 162 2598 cn
185 2554 378 2610 quaesita
403 2553 477 2596 diu
500 2553 674 2596 tandem
697 2551 803 2594 mihi
826 2559 928 2594 nata
950 2557 1118 2607 reperta
1142 2557 1225 2593 est:

105 2612 142 2655 si
164 2611 351 2669 reperire
375 2625 503 2653 vocas
528 2609 720 2652 amittere
746 2609 919 2658 certius,
945 2615 1018 2650 aut
1043 2607 1078 2650 si

105 2667 232 2720 scire,
257 2667 332 2711 ubi
356 2667 430 2718 sit,
454 2667 640 2724 reperire
663 2680 805 2708 vocas.
865 2664 980 2720 quod
1003 2671 1145 2721 rapta,
1170 2663 1370 2713 feremus,

6 2762 27 2767 ,Δ
106 2725 339 2768 dummodo
362 2724 515 2768 reddat
539 2739 646 2767 eam.
705 2736 845 2778 neque
869 2722 983 2765 enim
1007 2721 1222 2778 praedone
1246 2721 1398 2764 marito

103 2782 194 2826 filia
217 2781 348 2840 digna
371 2788 446 2825 tua
471 2789 535 2825 est
557 2805 616 2812 -
640 2779 674 2823 si
697 2779 783 2823 iam
807 2794 903 2823 mea
926 2778 1013 2822 filia
1036 2793 1122 2821 non
1147 2777 1266 2821 est.'''

1503 403 1571 435 480

1505 686 1572 719 485

1505 972 1574 1005 490

1505 1255 1573 1288 495

1506 1541 1574 1573 500

1510 1825 1576 1858 505

1510 2110 1578 2142 510

1509 2393 1576 2424 515

1510 2677 1578 2709 520
