1786 3242
314 242 809 281 METAMORPHOSEON
831 243 928 280 LIB.
953 244 1038 281 XV.
1066 244 1259 280 229—316.
1391 235 1477 279 261

99 325 166 371 sio
186 324 262 369 ubi
285 333 453 368 terreno
477 324 625 380 Lycus
650 335 714 368 est
737 333 888 381 epotus
913 325 1044 375 hiatu,

103 380 244 426 existit
295 381 415 424 rocul
438 380 538 423 hinc
562 381 730 436 alioque
753 381 988 424 renascitur
1012 396 1097 424 ore.
1456 416 1459 421 ,

103 437 166 482 sio
187 396 316 481 mogo
341 437 610 488 combibitur,
634 444 747 481 tecto
770 438 896 480 modo
921 438 1090 495 gurgite
1114 438 1259 494 lapsus
1505 452 1574 484 275

101 493 295 539 redditur
317 493 533 551 Argolicis
556 493 708 550 ingens
732 493 939 537 Erasinus
963 495 1007 536 in
1032 494 1157 537 arvis.

102 557 146 595 et
166 549 347 607 Mysum
370 550 605 607 capitisque
629 550 696 593 sui
719 550 921 607 ripaeque
975 551 1096 593 rioris

101 606 360 664 paenituisse
383 607 546 657 ferunt,
571 606 655 649 alia
677 621 792 649 nunc
814 607 891 657 ire,
959 608 1112 650 aicum.

100 677 182 707 neo
203 677 291 706 non
315 661 509 706 Sicanias
533 662 709 706 volvens
734 663 986 706 Amenanus
1010 663 1190 707 harenas

100 733 216 763 nunc
237 719 351 771 fluit,
374 719 588 762 interdum
612 719 849 775 suppressis
873 719 1062 762 fontibus
1087 729 1190 763 aret.
1504 735 1574 767 280

44 791 45 794 ¹
101 782 200 819 ante
224 775 463 826 bibebatur,
486 790 600 819 nunc
624 790 731 831 quas
755 776 1000 832 contingere
1024 777 1145 827 nolis,

99 831 244 876 fundit
264 832 459 888 Anigrus
483 846 637 887 aquas,
662 839 890 888 postquam
914 831 1014 886 (nisi
1038 833 1208 876 vatibus
1232 835 1368 876 omnis

8 913 11 916 ·
39 918 42 924 ·
101 887 162 932 eri
191 888 320 932 ienda
341 889 469 945 fides)
491 889 577 932 illic
599 889 742 932 lavere
765 889 1033 932 Bimembres

206 959 298 996 era,
322 945 389 988 cla
419 945 430 955 “
463 945 524 989 eri
547 959 658 1000 quae
681 945 841 989 fecerat
864 946 1065 988 Herculis
1089 961 1225 989 arcus.

10 1040 12 1042 .
100 1001 232 1057 quid?
254 1015 341 1044 non
365 960 644 1058 elngcythicis
668 1002 867 1058 Hypanis
892 1002 945 1045 de
969 1002 1184 1045 montibus
1209 1012 1338 1054 ortus,
1503 1018 1570 1050 285

38 1102 41 1108 ‚
132 1057 178 1101 ui
201 1057 342 1103 fuerat
365 1058 520 1110 dulcis,
545 1059 704 1101 salibus
729 1059 901 1101 vitiatur
926 1059 1107 1102 amaris?

35 1112 41 1129 ⁵
100 1071 302 1157 auctibus
324 1115 510 1158 ambitae
532 1115 702 1158 fuerant
725 1115 903 1158 Antissa
925 1115 1178 1171 Pharosque

101 1177 143 1214 et
165 1169 406 1214 Phoenissa
427 1171 585 1228 Tyros:
609 1186 792 1227 quarum
815 1187 929 1215 nunc
953 1173 1092 1216 insula
1113 1174 1231 1216 nulla
1255 1181 1330 1216 est.

99 1225 308 1271 Leucada
329 1227 574 1271 continuam
597 1236 762 1272 veteres
786 1229 974 1272 habuere
1000 1230 1155 1272 coloni:

99 1298 216 1327 nunc
239 1283 350 1328 freta
372 1284 604 1328 circueunt.
665 1285 823 1329 Zancle
847 1300 1017 1342 quoque
1040 1286 1186 1330 iuncta
1207 1286 1340 1330 fuisse
1502 1302 1571 1334 290

10 1349 36 1395 ἐξ
101 1339 257 1384 dicitur
278 1340 450 1392 Italiae,
476 1341 612 1384 donec
636 1342 818 1385 confinia
840 1351 997 1399 pontus

22 1398 31 1424 ·’
99 1396 274 1440 abstulit
291 1404 341 1441 et
361 1397 503 1441 media
525 1399 719 1442 tellurem
742 1400 929 1455 reppulit
952 1400 1079 1443 unda.

14 1482 38 1531 ἓ,
99 1453 137 1496 si
160 1467 340 1509 quaeras
364 1454 546 1498 Helicen
569 1462 612 1498 et
634 1455 791 1506 Burin,
816 1456 1034 1499 Achaidas
1057 1457 1199 1506 urbes,

15 1514 46 1569 ¹l*
78 1508 288 1554 'invenies
312 1510 394 1553 sub
417 1511 557 1566 aquis3
582 1519 625 1555 et
648 1512 788 1555 adhuc
811 1513 1032 1556 ostendere
1056 1521 1211 1557 nautae

14 1570 33 1611 ‘t
96 1566 299 1610 inclinata
322 1568 458 1611 solent
481 1582 579 1610 cum
601 1569 823 1612 moenibus
848 1570 1004 1626 oppida
1027 1570 1189 1613 mersis.
1501 1586 1567 1618 295

98 1630 162 1667 est
184 1637 317 1680 prope
339 1623 558 1667 Pittheam
580 1626 769 1668 tumulus
793 1626 1032 1677 Troezena,
1058 1627 1147 1670 sine
1170 1627 1267 1670 ullis

3 1710 8 1720 .
97 1679 258 1723 arduus
281 1680 524 1731 arboribus,
549 1682 765 1737 quondam
789 1683 1037 1738 planissima
1060 1684 1200 1740 campi

12 1814 30 1853 εἳ

34 1767 35 1770 ¹
71 1749 74 1751 ’
97 1750 216 1787 area,
240 1751 356 1780 nunc
378 1738 580 1781 tumulus.
639 1754 739 1781 nam
761 1763 820 1770 —
842 1754 909 1783 res
933 1739 1144 1783 horrenda
1166 1741 1303 1784 relatu
1325 1765 1383 1771 —

96 1792 162 1836 vis
185 1792 278 1836 fera
301 1801 524 1837 ventorum
548 1795 685 1838 caecis
708 1795 872 1838 inclusa
896 1797 1101 1848 cavernis,

12 1851 33 1911 ξ
97 1849 291 1906 expirare
315 1850 459 1906 aliqua
480 1852 673 1908 cupiens,
697 1852 942 1907 luctataque
965 1853 1123 1896 frustra
1498 1870 1566 1902 300

10 1923 25 1949 τ
95 1905 292 1949 liberiore
315 1906 401 1949 frui
425 1907 556 1958 caelo,
581 1922 679 1951 cum
703 1923 872 1952 carcere
895 1910 1003 1952 rima

95 1963 214 2006 nulla
236 1962 347 2006 foret
369 1970 458 2006 toto
481 1979 560 2007 nec
584 1965 731 2021 pervia
753 1966 924 2008 flatibus
949 1975 1074 2016 esset,

97 2026 311 2062 extentam
334 2021 554 2064 tumefecit
575 2021 773 2072 humum,
798 2037 876 2065 ceu
901 2038 920 2065 s
953 2023 1073 2066 iritus
1097 2024 1180 2067 oris

97 2075 268 2119 tendere
292 2076 478 2120 vesicam
502 2078 608 2121 solet
631 2087 705 2121 aut
729 2079 903 2135 derepta
955 2080 1089 2122 icorni

95 2142 160 2175 ter
191 2147 217 2174 a
239 2130 290 2175 ca
320 2147 381 2175 ro.
440 2141 582 2176 tumor
603 2135 674 2178 ille
697 2136 780 2177 loci
803 2137 1054 2191 permansit,
1079 2144 1122 2180 et
1145 2137 1219 2180 alti
1496 2153 1562 2185 305

95 2202 146 2231 co
179 2188 190 2198 ⁶
237 2188 294 2232 ha
323 2196 366 2232 et
388 2190 575 2246 speciem
598 2191 811 2248 longoque
834 2193 1024 2236 induruit
1047 2208 1166 2237 aevo.

13 2269 16 2275 ·
94 2244 278 2301 plurima
301 2260 399 2288 cum
422 2247 603 2290 subeant
625 2248 771 2290 audita
795 2257 869 2291 aut
892 2250 1064 2306 cognita
1086 2250 1223 2301 nobis,

93 2315 234 2357 pauca
256 2317 385 2359 super
407 2303 602 2346 referam·
661 2305 789 2360 quid?
812 2319 898 2348 non
922 2314 965 2349 et
987 2307 1163 2363 lympha
1186 2308 1345 2363 figuras

93 2357 253 2413 datque
277 2359 476 2415 capitque
500 2361 659 2403 novas?
693 2362 832 2405 medio
856 2370 948 2413 tua,
974 2364 1168 2420 corniger
1191 2365 1422 2416 Hammon,

91 2414 209 2457 unda
231 2415 300 2458 die
323 2415 466 2472 gelida
488 2425 570 2468 est,
595 2426 775 2473 ortuque
800 2419 1004 2474 obituque
1029 2421 1211 2464 calescit.
1493 2437 1560 2469 310

92 2470 273 2514 admotis
296 2472 562 2516 Athamanes
588 2474 708 2529 aquis
733 2475 963 2519 accendere
987 2476 1152 2543 lignum

91 2535 330 2579 narrantur,
354 2529 552 2573 minimos
576 2545 674 2573 cum
697 2531 800 2574 luna
821 2533 996 2575 recessit
1019 2549 1063 2576 1n
1088 2534 1224 2578 orbes.
1294 2564 1296 2566 v

89 2582 247 2626 flumen
271 2584 431 2628 habeut
455 2584 656 2637 Cicones,
683 2589 798 2643 quod
821 2596 971 2645 potum
994 2605 1123 2634 saxea
1145 2592 1284 2635 reddit

90 2639 274 2691 viscera,
299 2642 413 2697 quod
437 2644 560 2685 tactis
584 2644 746 2687 inducit
768 2660 981 2689 marmora
1003 2648 1144 2690 rebus.

91 2693 263 2740 Crathis
288 2706 331 2741 et
354 2698 454 2742 huic
478 2698 655 2756 Sybaris
681 2702 834 2745 nostris
859 2704 1145 2748 conterminus
1171 2706 1254 2748 oris
1488 2722 1554 2754 315

88 2752 245 2797 electro
270 2754 427 2799 similes
451 2755 615 2800 faciunt
639 2773 827 2814 auroque
851 2760 1040 2817 capillos.

16 2701 30 2741 n„
11 2667 24 2684 ’κ
7 2534 40 2651 ''⁸35“oe
12 2503 26 2523 4,
11 2468 26 2485 μ·
11 2441 18 2447 ³
22 2413 27 2416 .
