1774 3256
365 253 419 296 18
804 260 848 296 Ρ.
875 260 1039 298 OVIDII
1062 259 1279 298 NASONIS

364 343 495 398 fitque
519 342 634 397 quod
658 348 754 384 ante
777 340 870 383 fuit.
929 340 1098 397 fugiunt
1122 357 1145 384 e
1169 354 1342 398 corpore
1366 349 1526 395 saetac3

366 414 523 443 cornua
547 399 814 448 decrescunt,
837 397 884 438 fit
908 397 1078 440 luminis
1103 398 1230 440 artior
1252 398 1380 450 orbis,

253 486 255 491 ⁴
276 470 341 502 740
365 454 623 499 contrahitur
645 454 795 503 rictus,
819 453 997 496 redeunt
1020 455 1238 509 umerique
1260 469 1510 510 manusque,

363 512 606 567 ungulaque
630 510 673 551 in
697 510 848 564 quinos
872 509 1036 565 dilapsa
1058 510 1293 555 absumitur
1315 526 1496 567 ungues.

365 568 418 610 de
442 567 550 608 bove
573 566 632 608 nil
655 572 864 622 superest,
889 565 1049 608 formae
1073 566 1154 608 nisi
1177 567 1345 617 candor,
1368 567 1413 610 in
1433 567 1520 611 illa.

364 623 588 677 officioque
611 622 769 678 pedum
792 622 978 678 nymphe
1001 630 1196 665 contenta
1220 624 1400 666 duorum

365 679 540 735 erigitur
546 695 558 729 3
582 678 815 732 metuitque
837 678 973 733 loqui,
996 694 1050 721 ne
1073 694 1189 722 more
1211 679 1415 724 iuvencae

276 750 340 782 745
364 736 545 792 mugiat,
571 742 613 777 et
635 734 780 776 timide
803 735 934 776 verba
956 735 1192 778 intermissa
1213 743 1451 793 retemptat.

364 807 477 836 nunc
501 791 580 834 dea
603 791 780 846 linigera
804 791 953 833 colitur
976 792 1247 835 celeberrima
1269 793 1406 836 turba.

421 848 537 891 Huic
550 847 756 903 Epaphus
775 848 920 903 magni
937 848 1104 904 genitus
1117 849 1169 891 de
1189 849 1347 892 semine
1363 849 1536 892 tandem
1602 865 1655 898 “J

366 905 549 949 creditur
573 919 663 946 esse
686 904 816 953 Iovis,
871 918 999 959 erque
1022 905 1148 947 urbes
1171 905 1316 948 iuncta
1338 905 1502 962 parenti
1557 899 1590 930 ‘t
1727 932 1731 940 ·

365 962 524 1017 templa
547 967 673 1003 tenet.
731 960 812 1002 fuit
865 960 933 1003 uic
956 960 1105 1003 animis
1129 962 1316 1016 aequalis
1340 969 1382 1005 et
1405 961 1526 1006 annis
1676 964 1686 975 ’
1725 985 1751 1021 «ξ

277 1031 343 1064 750
367 1018 467 1062 Sole
493 1024 607 1059 satus
631 1016 873 1059 Phaethon:
898 1031 1025 1071 quem
1049 1018 1262 1072 quondam
1284 1028 1441 1074 magna
1461 1018 1704 1074 loquentem
1746 1024 1774 1068 ἒξ

364 1089 443 1117 nec
468 1074 547 1116 sibi
571 1074 789 1116 cedentem
811 1073 1072 1128 Phoeboque
1095 1082 1268 1130 parente
1293 1075 1522 1131 superbum

366 1145 452 1173 non
474 1130 571 1172 tulit
592 1129 838 1180 Inachides,
863 1130 1107 1184 ‘matri’que
1131 1131 1190 1173 ait
1213 1131 1374 1174 ‘omnia
1395 1130 1568 1175 demens

367 1187 501 1231 credis
526 1193 568 1229 et
591 1201 636 1228 es
660 1186 846 1228 tumidus
869 1186 1070 1242 genitoris
1093 1187 1276 1243 imagine
1298 1187 1422 1231 falsi?

367 1243 535 1287 erubuit
556 1243 779 1285 Phaethon
801 1243 992 1297 iramque
1014 1244 1175 1299 pudore
1198 1244 1398 1300 repressit.

279 1313 344 1345 755
370 1307 412 1343 et
435 1300 530 1342 tulit
553 1300 607 1341 ad
633 1297 869 1355 Clymenen
891 1298 1061 1356 Epaphi
1085 1301 1275 1343 convicia
1297 1307 1492 1344 matrem:

367 1356 573 1410 ‘quo'que
598 1356 752 1411 ‘magis
778 1356 938 1406 doleas,
963 1357 1193 1412 genetrix’:
1219 1357 1277 1399 ait
1300 1357 1388 1400 ‘ille
1412 1371 1493 1414 ego
1515 1356 1634 1407 liber,

365 1413 435 1455 ille
460 1413 580 1454 ferox
603 1412 728 1454 tacui.
787 1412 919 1469 pudet
941 1412 1046 1455 haec
1070 1413 1296 1469 opprobria
1317 1413 1439 1456 nobis

367 1477 410 1512 et
433 1469 515 1511 dici
538 1468 725 1524 potuisse
750 1475 792 1510 et
814 1483 900 1511 non
922 1470 1108 1525 potuisse
1132 1470 1279 1513 refelli.

367 1532 410 1567 at
433 1532 498 1574 tu,
524 1526 559 1567 si
582 1525 707 1566 modo
732 1540 825 1567 sum
849 1526 1019 1568 caelesti
1044 1527 1172 1582 stirpe
1197 1533 1375 1576 creatus,

277 1596 342 1627 760
367 1582 444 1624 ede
467 1589 610 1623 notam
634 1581 740 1623 tanti
763 1582 929 1637 generis
954 1597 1106 1637 meque
1130 1598 1269 1626 assere
1293 1581 1449 1626 caelol'

367 1638 472 1680 dixit
497 1645 537 1680 et
560 1638 767 1693 implicuit
790 1645 978 1681 materno
1002 1639 1198 1682 bracchia
1220 1640 1342 1690 collo,

365 1709 524 1750 perque
548 1709 671 1736 suum
694 1694 967 1750 Meropisque
991 1703 1118 1751 caput
1140 1696 1370 1751 taedasque
1393 1709 1597 1745 sororum,

366 1751 571 1800 traderet,
596 1750 748 1800 oravit,
771 1752 860 1793 veri
885 1751 965 1792 sibi
989 1752 1110 1807 signa
1165 1752 1333 1794 arentis.

367 1807 633 1863 ambiguum,
660 1805 882 1861 Clymene,
906 1808 1102 1863 precibus
1166 1808 1403 1851 hae'thontis
1427 1823 1482 1850 an
1503 1807 1568 1850 ira

276 1877 340 1909 765
365 1870 481 1905 mota
504 1863 639 1918 magis
664 1863 763 1904 dicti
787 1863 867 1904 sibi
890 1863 1093 1915 criminis,
1117 1872 1295 1919 utraque
1319 1865 1436 1907 caelo

365 1919 562 1962 bracchia
585 1919 770 1974 porrexit
793 1926 1071 1975 spectansque
1095 1921 1149 1962 ad
1171 1921 1333 1963 lumina
1355 1921 1454 1963 solis

366 1979 462 2032 ‘per
483 1976 606 2017 iubar
629 1975 729 2017 hoc'
753 1976 890 2030 inquit
914 1976 1059 2018 ‘radiis
1083 1977 1247 2033 insigne
1272 1977 1470 2027 coruscis,

364 2039 482 2082 nate,
507 2032 582 2073 tibi
606 2031 712 2082 iuro,
738 2032 852 2086 quod
875 2047 952 2074 nos
977 2033 1176 2088 auditque
1200 2033 1412 2088 videtque,

365 2088 447 2130 hoc
471 2095 531 2138 te,
556 2102 682 2142 quem
707 2096 889 2144 spectas,
914 2089 995 2130 hoc
1018 2097 1077 2140 te,
1102 2090 1176 2144 qui
1199 2097 1406 2146 temperat
1428 2089 1587 2139 orbem,

276 2159 341 2190 770
367 2143 467 2187 Sole
491 2151 642 2186 satum.
690 2144 726 2186 si
748 2145 846 2186 ficta
869 2146 1031 2199 loquor,
1055 2153 1184 2202 neget
1206 2147 1297 2202 ipse
1320 2146 1551 2189 videndum

365 2216 410 2243 se
433 2200 555 2250 mihi,
581 2201 717 2255 sitque
742 2201 874 2243 oculis
897 2202 971 2243 lux
994 2202 1075 2243 ista
1097 2202 1326 2245 novissima
1347 2202 1514 2245 nostris.

363 2272 443 2299 nec
466 2257 618 2312 longus
642 2257 799 2313 patrios
823 2257 944 2299 labor
967 2266 1029 2300 est
1051 2259 1129 2300 tibi
1151 2274 1274 2301 nosse
1298 2259 1501 2302 Penatesz

362 2314 476 2356 unde
499 2314 642 2364 oritur,
667 2314 816 2356 domus
841 2321 905 2356 est
926 2321 1062 2357 terrae
1086 2315 1344 2359 contermina
1365 2321 1545 2357 nostrae.

364 2370 399 2412 si
422 2370 547 2412 modo
572 2370 653 2412 fert
677 2370 861 2420 animus,
886 2371 1082 2426 gradere,
1107 2378 1149 2414 et
1173 2371 1376 2414 scitabere
1399 2371 1454 2414 ab
1477 2370 1598 2427 ipso?

274 2440 338 2471 775
363 2426 514 2468 emicat
538 2427 748 2482 extemplo
771 2427 906 2469 laetus
929 2435 1026 2483 post
1050 2428 1149 2469 talia
1173 2427 1316 2470 matris

363 2482 475 2524 dicta
499 2497 600 2524 suae
623 2483 848 2525 Phaethon
871 2490 914 2526 et
937 2484 1118 2540 concipit
1141 2484 1312 2527 aethera
1333 2490 1487 2534 mente,

360 2538 681 2593 Aethiopasque
706 2554 804 2581 suos
827 2539 1069 2595 positosque
1094 2540 1173 2582 sub
1196 2540 1364 2596 ignibus
1388 2541 1517 2583 Indos

362 2594 535 2637 sidereis
559 2595 707 2637 transit
729 2596 970 2652 patriosque
995 2597 1082 2639 adit
1105 2597 1285 2654 impiger
1307 2604 1436 2639 ortus.
