1774 3256
289 369 357 400 570

291 648 357 680 575

294 930 360 962 580

296 1210 361 1242 585

296 1491 362 1523 590

297 1773 362 1805 595

298 2055 364 2086 600

298 2336 362 2368 605

300 2618 364 2649 610

379 264 435 307 52
820 272 865 307 Ρ.
891 271 1058 308 OVIDII
1080 269 1296 307 NASONIS

384 361 426 396 at
450 367 718 408 quacumque
741 351 882 394 trabes
906 351 1205 406 obstructaque
1230 366 1333 394 saxa
1356 351 1570 404 tenebant,

381 424 582 466 spumeus
606 416 648 451 et
670 408 839 451 fervens
864 414 906 450 et
929 408 983 450 ab
1007 407 1128 450 obice
1152 408 1314 450 saevior
1336 407 1438 451 ibat.
1488 443 1491 445 .

381 480 478 508 ecce
503 465 708 508 cruentati
731 464 909 507 redeunt
933 471 994 515 et,
1017 463 1214 506 Bacchus
1236 464 1311 506 ubi
1335 471 1456 515 esset,

381 522 596 576 quaerenti
621 520 790 563 domino
813 520 1032 563 Bacchum
1056 519 1212 563 vidisse
1234 528 1463 576 negarunt3

381 578 530 620 ‘hunc'
556 577 699 620 dixere
724 582 884 620 ‘tamen
909 577 1103 619 comitem
1126 576 1418 632 famulumque
1440 590 1656 620 sacrorum

383 634 590 690 cepimus'
614 641 657 676 et
679 633 850 675 tradunt
872 633 1067 675 manibus
1090 639 1186 689 post
1208 640 1328 689 terga
1350 633 1490 689 ligatis

382 705 502 733 sacra
526 690 594 733 dei
618 690 828 745 quendam
852 689 1074 745 Tyrrhena
1096 695 1222 754 gente
1247 696 1451 732 secutum.
1558 741 1560 744 ‚

438 746 606 803 Aspicit
629 746 741 788 hunc
764 746 980 788 Pentheus
1005 745 1157 796 oculis,
1181 759 1287 801 quos
1310 745 1374 788 ira
1395 745 1634 788 tremendos

382 804 557 853 fecerat3
583 810 625 845 et
646 816 903 858 quamquam
926 817 1087 858 poenae
1110 802 1182 844 vix
1205 809 1394 858 tempora
1417 802 1572 853 differt,

383 865 429 902 ‘0
453 860 636 916 periture
660 867 817 914 tuaque
842 859 933 900 aliis
957 859 1210 901 documenta
1233 858 1381 901 dature

382 916 544 967 morte,'
570 916 628 958 ait
651 916 748 958 ‘ede
772 922 892 957 tuum
916 929 1069 957 nomen
1093 929 1331 970 nomenque
1354 922 1578 970 parentum
1600 916 1623 934 ’

383 981 426 1015 et
449 972 648 1029 patriam,
673 972 883 1026 morisque
907 971 1005 1013 novi
1029 986 1104 1013 cur
1128 985 1246 1012 sacra
1269 970 1537 1025 frequentes!

1731 382 1739 401 i

1734 408 1763 516 ξ

1741 713 1764 745 ἦ

1742 764 1765 799 {1

1742 820 1766 851 Q

1745 598 1762 628 ἶ

1745 647 1765 674 ἐξ,

1744 855 1774 912 5}

1751 950 1774 969 ε,

1746 994 1767 1018 Ν

383 1029 453 1071 ille
477 1036 592 1071 metu
616 1043 775 1070 vacuus
799 1032 973 1069 ‘nomen
997 1027 1117 1068 mihi'
1143 1027 1249 1068 dixit
1273 1027 1484 1079 ‘Acoetes,
1526 1026 1696 1075 (Bacchus
1711 1033 1768 1076 a„

383 1085 520 1142 patria
542 1084 743 1127 Maeonia
766 1091 848 1134 est3
872 1084 1020 1125 humili
1045 1083 1097 1126 de
1121 1083 1243 1139 plebe
1267 1090 1474 1139 parentes.
1558 1073 1709 1118 nautae.)
1742 1093 1768 1135 ἦ

383 1155 469 1183 non
492 1141 613 1190 mihi,
638 1155 746 1196 quae
770 1140 864 1182 duri
887 1141 1088 1189 colerent,
1112 1147 1233 1195 pater
1255 1154 1375 1190 arva,
1398 1139 1579 1191 iuvenci,

386 1198 649 1253 lanigerosve
673 1212 748 1252 gre
781 1211 844 1246 es,
868 1211 952 1238 non
975 1197 1062 1238 ulla
1086 1203 1275 1238 armenta
1296 1195 1478 1251 reliquit.

384 1269 547 1310 pauper
570 1261 612 1295 et
635 1253 725 1309 ipse
767 1253 847 1303 uit,
871 1252 1041 1306 linoque
1066 1252 1228 1294 solebat
1251 1259 1293 1294 et
1315 1251 1449 1295 hamis

386 1311 577 1366 decipere
602 1317 644 1351 et
667 1310 828 1351 calamo
853 1309 1046 1351 salientes
1072 1308 1224 1350 ducere
1247 1307 1396 1364 pisces.

386 1382 453 1409 ars
476 1367 537 1407 illi
561 1381 638 1408 sua
662 1380 812 1408 census
837 1373 939 1407 erat.
999 1379 1093 1407 cum
1118 1365 1302 1407 traderet
1325 1371 1471 1416 artem,

386 1422 562 1478 “accipe
586 1436 691 1477 quas
716 1422 871 1471 habeo,
897 1421 1023 1463 studii
1048 1435 1264 1463 successor
1287 1427 1329 1463 et
1352 1420 1515 1472 heres‚”

387 1479 492 1521 dixit
516 1482 650 1534 “opes
659 1478 703 1520 !'”
728 1478 992 1531 moriensque
1016 1477 1118 1519 mihi
1141 1477 1247 1519 nihil
1269 1477 1340 1519 ille
1362 1477 1531 1532 reliquit

386 1542 552 1592 praeter
576 1549 726 1589 aquas:
751 1549 884 1576 unum
908 1534 988 1576 hoc
1011 1548 1183 1590 possum
1207 1534 1418 1599 appellare
1442 1541 1676 1589 paternum.

385 1606 484 1633 mox
510 1605 609 1646 eg0,
633 1606 686 1633 ne
712 1591 892 1646 scopulis
917 1590 1133 1633 haererem
1157 1605 1322 1646 semper
1344 1606 1388 1632 in
1410 1590 1557 1642 isdem,

387 1647 569 1690 addidici
593 1647 781 1703 regimen
806 1647 953 1689 dextra
975 1647 1218 1689 moderante
1242 1646 1408 1689 carinae

386 1706 573 1753 flectere,
599 1711 640 1746 et
665 1702 845 1745 Oleniae
870 1703 984 1745 sidus
1008 1703 1192 1759 pluviale
1217 1703 1402 1758 capenae

386 1761 692 1816 Taygetenque
715 1760 978 1815 Hyadasque
1001 1759 1131 1801 oculis
1155 1759 1402 1813 Arctonque
1425 1759 1567 1801 notavi

386 1824 691 1871 ventorumque
716 1816 862 1857 domos
887 1824 927 1857 et
951 1822 1095 1871 portus
1120 1815 1331 1871 puppibus
1356 1822 1490 1871 aptos.

386 1874 494 1915 forte
518 1880 664 1928 petens
688 1871 848 1913 Delum
874 1870 1008 1913 Chiae
1032 1871 1190 1914 telluris
1216 1871 1270 1913 ad
1293 1885 1388 1913 oras

387 1929 587 1985 applicor,
612 1936 654 1971 et
677 1929 834 1970 dextris
858 1928 1045 1969 adducor
1067 1928 1188 1969 litora
1210 1927 1349 1977 remis,

388 1986 525 2040 doque
549 1985 663 2027 leves
687 1985 817 2026 saltus
841 1984 1034 2039 udaeque
1057 1984 1258 2026 immittor
1279 1984 1474 2034 harenae,

388 2056 472 2084 nox
496 2041 571 2083 ubi
595 2048 844 2097 consumpta
867 2048 943 2082 est.
1001 2041 1171 2082 Aurora
1193 2040 1415 2083 rubescere
1439 2041 1574 2096 primo

388 2104 601 2154 coeperat:
628 2111 788 2153 exui-go
811 2097 1041 2151 laticesque
1064 2097 1218 2139 inferre
1241 2103 1429 2139 recentes

388 2154 593 2196 admoneo
617 2161 887 2208 monstroque
911 2153 1043 2203 viam,
1067 2167 1176 2207 quae
1201 2152 1326 2195 ducat
1350 2153 1404 2195 ad
1426 2152 1576 2195 undas.

386 2211 497 2266 ipse,
523 2210 625 2264 quid
649 2225 752 2251 aura
774 2209 877 2251 mihi
899 2209 1061 2251 tumulo
1085 2209 1299 2265 promittat
1322 2209 1376 2251 ab
1400 2209 1498 2259 alto,

387 2267 595 2323 prospicio
620 2266 877 2321 comitesque
900 2280 1006 2307 voco
1029 2273 1257 2321 repetoque
1281 2265 1478 2308 carinam.

388 2323 622 2365 “adsumus
648 2322 751 2364 en!'’
775 2322 911 2377 inquit
936 2322 1142 2364 sociorum
1165 2321 1326 2378 primus
1350 2319 1569 2377 Opheltes,

386 2387 517 2434 utque
541 2386 663 2435 putat
686 2379 886 2434 praedam
911 2379 1074 2421 deserto
1097 2385 1245 2420 nactus
1267 2377 1312 2419 in
1335 2391 1452 2433 agro,

386 2436 577 2492 virginea
598 2450 777 2491 puerum
802 2435 918 2477 ducit
940 2450 1014 2491 per
1036 2434 1158 2476 litora
1180 2434 1328 2476 forma.

386 2493 456 2534 ille
481 2506 595 2534 mero
620 2505 851 2545 somnoque
873 2491 1015 2548 gravis
1039 2491 1219 2532 titubare
1241 2490 1408 2533 videtur

387 2549 542 2602 vixque
568 2548 699 2603 sequi.
758 2556 902 2603 specto
927 2548 1086 2590 cultum
1109 2547 1346 2601 faciemque
1369 2546 1651 2602 gradumque:

387 2604 447 2646 nil
469 2604 548 2654 ibi,
574 2605 687 2659 quod
712 2605 825 2647 credi
848 2611 991 2660 posset
1013 2603 1205 2652 mortale,
1230 2603 1438 2646 videbam.

388 2668 429 2702 et
453 2660 582 2710 sensi,
607 2668 648 2702 et
672 2661 758 2702 dixi
782 2661 905 2703 sociis
930 2661 1076 2715 “quod
1099 2674 1257 2702 numen
1279 2659 1323 2701 in
1345 2659 1425 2701 isto

388 2730 561 2772 corpore
586 2716 658 2767 sit,
683 2717 848 2758 dubito:
874 2717 949 2759 sed
973 2730 1146 2772 corpore
1168 2730 1327 2758 numen
1349 2715 1394 2757 in
1415 2715 1495 2757 isto
1519 2723 1594 2758 est.

389 2772 579 2827 quisquis
607 2788 669 2823 es,
695 2787 719 2814 o
744 2773 888 2815 faveas
912 2772 1148 2827 nostrisque
1172 2771 1385 2814 laboribus
1411 2771 1544 2814 adsis:

1740 1152 1764 1205 5:

1705 1207 1708 1210 ⁴
1743 1212 1770 1246 ‚pss

1740 1489 1765 1518 vi

1750 1524 1769 1704 (nv-*Ju-
1747 1447 1763 1462 :⁴
1743 1376 1766 1416 «κ-
1756 1337 1766 1352 ⁴·

1751 2065 1768 2102 ..a
1748 1953 1774 2049 ,ξς-*τε
1748 1898 1774 1923 ⁴4¹.
1747 1824 1766 1868 exv.
1748 1780 1767 1810 :o
1751 1712 1770 1754 2
