1774 3256
365 250 422 293 50
641 242 645 246 ’
807 259 851 295 Ρ.
877 259 1042 296 ovmn
1065 260 1282 297 NASONIS

364 348 536 397 pectora
559 348 774 383 traxerunt
799 349 966 384 tenuem
992 356 1191 397 percussa
1212 343 1422 394 ruborem,

365 412 451 439 non
474 398 594 439 aliter
616 412 744 452 quam
767 411 894 453 poma
917 399 1070 448 solent,
1095 413 1204 454 quae
1229 400 1407 442 candida
1429 405 1550 456 parte

364 461 484 510 parte
507 454 677 503 rubent,
702 461 774 495 aut
797 461 845 496 ut
868 454 994 497 variis
1019 455 1124 498 solet
1146 471 1230 498 uva
1252 456 1429 499 racemis

276 523 340 554 485
366 511 519 552 ducere
543 525 803 566 purpureum
826 511 1014 553 nondum
1038 519 1204 554 matura
1226 513 1422 555 colorem.

366 581 475 621 quae
500 566 623 608 simul
648 567 811 621 aspexit
833 567 1061 621 liquefacta
1083 583 1228 611 rursus
1251 568 1294 611 in
1317 569 1446 619 unda,

365 637 452 665 non
474 622 569 664 tulit
593 623 766 665 ulterius
774 639 786 674 3
811 623 885 666 sed
908 631 955 666 ut
978 624 1238 668 intabescere
1261 625 1396 668 flavae

365 680 465 735 igne
488 679 572 722 levi
596 693 735 729 cerae,
758 680 1071 736 matutinaeque
1095 682 1270 737 pruinae

367 736 454 778 sole
478 743 646 791 tepente
671 736 824 786 solent,
849 737 909 779 sic
934 745 1173 780 attenuatus
1197 753 1339 781 amore

275 803 343 836 490
365 792 540 847 liquitur
564 799 605 835 et
628 799 738 834 tecto
762 794 964 848 paulatim
989 795 1174 851 carpitur
1196 795 1298 851 igni.

366 856 409 891 et
431 862 568 902 neque
591 849 676 890 iam
701 849 814 891 color
837 857 899 892 est
922 850 1052 893 mixto
1077 851 1257 894 candore
1280 851 1437 902 rubori,

365 919 444 947 nec
468 906 590 961 vigor
613 912 654 948 et
677 905 787 948 vires
812 914 854 948 et
878 920 986 961 quae
1011 908 1135 950 modo
1158 908 1248 950 visa
1271 908 1508 964 placebant,

365 976 444 1004 nec
468 976 618 1016 corpus
641 969 848 1013 remanet,
873 964 1086 1017 quondam
1111 965 1225 1019 quod
1249 972 1464 1008 amaverat
1486 963 1622 1008 Echo.

366 1032 474 1074 quae
497 1025 639 1060 tamen
662 1025 710 1060 ut
732 1018 855 1069 vidit,
881 1020 1073 1073 quamvis
1096 1021 1202 1062 irata
1225 1035 1481 1076 memorque,

274 1086 340 1117 495
364 1074 561 1124 indoluit,
585 1075 864 1129 quotiensque
886 1090 991 1131 puer
1014 1076 1261 1119 miserabilis
1287 1077 1452 1120 ‘eheul’

367 1131 547 1180 dixerat,
571 1131 676 1173 haec
700 1132 859 1174 resonis
883 1133 1061 1174 iterabat
1084 1132 1259 1175 v'ocibus
1284 1133 1438 1177 ‘eheu.’

367 1201 547 1241 cumque
572 1202 669 1229 suos
694 1188 888 1230 manibus
911 1196 1174 1244 percusserat
1195 1190 1265 1232 ille
1288 1190 1480 1241 lacertoe,

365 1243 471 1286 haec
495 1257 664 1298 quoque
687 1243 890 1286 reddebat
914 1245 1095 1287 sonitum
1120 1246 1334 1302 plangoris
1357 1247 1552 1290 eundem.

365 1299 514 1342 ultima
537 1314 620 1342 vox
644 1300 808 1342 solitam
831 1300 913 1342 fuit
936 1301 1040 1344 haec
1063 1302 1289 1358 spectantis
1311 1302 1356 1346 in
1378 1303 1538 1346 undam

275 1368 342 1399 500
368 1355 471 1398 ‘heu
494 1355 649 1398 frustra
672 1356 822 1399 dilecte
845 1357 988 1412 puerl'
1013 1359 1272 1414 totidemque
1295 1360 1454 1402 remisit

365 1412 497 1454 verba
520 1413 651 1455 locus.
711 1413 906 1467 dictoque
931 1415 1070 1465 ‘vale,’
1096 1416 1227 1458 ‘vale’
1251 1415 1388 1471 inquit
1411 1424 1452 1460 et
1475 1417 1609 1460 Echo.

365 1469 435 1510 ille
461 1477 589 1524 caput
612 1469 732 1511 viridi
758 1469 917 1512 fessum
941 1471 1149 1513 summisit
1171 1472 1213 1514 in
1238 1472 1388 1515 herba:

363 1524 525 1566 lumina
549 1526 834 1576 morsclausit
858 1526 1015 1569 domini
1037 1528 1231 1570 mirantia
1254 1528 1446 1572 formam.

365 1590 455 1622 tum
481 1596 649 1636 quoque
674 1597 736 1632 se,
761 1590 986 1638 postquam
1011 1593 1073 1627 est
1096 1584 1261 1628 inferna
1284 1585 1383 1629 sede
1406 1593 1615 1643 receptus,

277 1650 340 1681 505
365 1638 408 1679 in
435 1637 587 1694 Stygia
610 1639 827 1694 spectabat
850 1654 973 1694 aqua.
1032 1642 1231 1697 planxere
1256 1656 1418 1685 sorores

362 1694 522 1737 Naides
547 1701 587 1737 et
611 1702 746 1737 sectos
769 1695 887 1738 fratri
911 1711 1088 1751 posuere
1113 1698 1299 1754 capillos,

362 1751 616 1806 planxerunt
638 1750 852 1806 Dryades:
877 1753 1174 1809 plangentibus
1198 1762 1368 1797 assonat
1389 1754 1524 1798 Echo.

363 1807 531 1861 iamque
555 1821 706 1863 rogum
730 1822 988 1863 quassasque
1011 1810 1125 1852 faces
1149 1810 1434 1866 feretrumque
1488 1812 1682 1855 arabant:

364 1877 574 1918 nusquam
598 1877 748 1918 corpus
773 1872 874 1906 erat.
933 1880 1127 1909 croceum
1150 1881 1226 1922 pro
1251 1881 1424 1923 corpore
1477 1882 1593 1911 orem

273 1930 340 1961 510
363 1919 602 1970 inveniunt,
627 1919 736 1961 foliis
761 1921 947 1963 medium
972 1922 1237 1978 cingentibus
1261 1923 1380 1966 albis.

421 1974 605 2031 Cognita
618 1991 684 2018 res
703 1977 897 2019 meritam
910 1978 995 2019 vati
1013 1993 1088 2034 per
1096 1979 1315 2032 *Acha'i‘das
1331 1980 1458 2023 urbes
1528 1992 1704 2028 Pentheus.

368 2032 563 2074 attulerat
586 2032 762 2082 famam,
786 2048 1022 2089 nomenque
1047 2043 1136 2077 erat
1160 2036 1332 2092 auguris
1355 2036 1517 2093 ingens.
1765 2038 1772 2047 “

361 2088 520 2144 spernit
548 2088 802 2131 Echionides
827 2097 968 2133 tamen
990 2091 1102 2134 hunc
1125 2107 1178 2135 ex
1201 2092 1395 2135 omnibus
1418 2109 1529 2136 unus

361 2152 622 2200 contemptor
645 2160 843 2201 superum
872 2146 1100 2197 Pentheus,
1125 2163 1414 2215 praesagaque
1437 2150 1545 2193 ridet

270 2213 335 2243 515
361 2201 492 2243 verba
517 2201 626 2243 senis
657 2203 934 2258 tenebrasque
958 2211 999 2246 et
1023 2205 1184 2247 cladem
1207 2206 1313 2248 lucis
1337 2206 1557 2263 ademptae

359 2257 500 2299 obicit.
547 2258 617 2300 ille
647 2273 823 2301 movens
851 2259 1036 2302 albentia
1060 2268 1250 2316 tempora
1273 2262 1388 2304 canis

360 2319 502 2368 ‘quam
525 2314 627 2356 felix
652 2330 778 2365 esses,
805 2316 841 2358 si
865 2323 911 2358 tu
936 2331 1104 2371 quoque
1128 2317 1296 2360 luminis
1321 2317 1445 2360 huius

360 2370 505 2412 orbus'
530 2371 588 2412 ait
614 2371 761 2421 ‘fieres,
785 2387 839 2415 ne
864 2373 1052 2415 Bacchia
1077 2388 1196 2416 sacra
1219 2374 1406 2417 videres!

358 2440 541 2481 namque
566 2427 654 2469 dies
679 2428 831 2478 aderit,
856 2443 983 2484 quam
1006 2444 1091 2472 non
1115 2430 1261 2486 procul
1285 2445 1339 2473 au
1401 2445 1472 2473 ror
1494 2446 1599 2483 esse,

267 2494 333 2525 520
358 2497 443 2537 qua
466 2497 600 2525 novus
625 2483 708 2526 huc
731 2485 892 2536 veniat,
915 2486 1053 2542 proles
1079 2485 1306 2537 Semeleia,
1371 2487 1474 2530 iber.

356 2553 482 2592 quem
506 2539 586 2581 nisi
610 2541 863 2596 templorum
886 2541 1016 2584 fueris
1041 2542 1238 2598 dignatus
1260 2542 1431 2593 honore,

355 2595 470 2637 mille
493 2595 606 2638 lacer
630 2611 827 2652 spargere
851 2597 973 2648 locis,
999 2606 1039 2640 et
1063 2599 1268 2655 sanguine
1292 2599 1418 2642 silvas

355 2650 546 2693 foedabis
571 2660 831 2708 matremque
855 2662 972 2696 tuam
996 2655 1223 2710 matrisque
1249 2669 1424 2699 sorores.

356 2706 533 2749 eveniet.
593 2722 730 2762 neque
755 2710 866 2751 enim
890 2710 1118 2766 dignabere
1142 2727 1300 2754 numen
1321 2711 1492 2762 honore,

269 2775 333 2806 525
353 2777 505 2819 meque
530 2764 609 2806 sub
635 2764 699 2806 his
725 2766 906 2809 tenebris
930 2768 1106 2810 nimium
1130 2768 1284 2811 vidisse
1309 2768 1521 2824 quereris?
