1774 3256
228 580 294 611 310

229 861 293 893 315

229 1144 296 1176 320

228 1426 294 1458 3⁴25

229 1708 295 1740 330

229 1989 293 2021 335

229 2270 295 2302 340

228 2551 293 2582 345

313 254 371 296 46
760 260 803 295 P.
830 258 995 296 OVIDII
1017 257 1235 295 NASONIS

317 342 514 386 saevitiae
537 341 814 394 flammaeque
837 340 997 388 minus,
1021 339 1160 381 minus
1184 338 1344 381 addidit
1365 338 1472 383 itaet

317 399 401 441 tela
425 397 610 440 secunda
633 403 785 438 vocant
809 395 964 451 superi.
1023 395 1134 451 capit
1156 395 1229 438 illa
1252 395 1510 452 domumque

316 455 443 497 intrat
466 454 750 508 Agenoream.
810 466 961 507 corpus
984 452 1160 494 mortale
1183 452 1388 494 tumultus

316 525 401 552 non
425 510 522 551 tulit
545 508 751 551 aetherios
776 508 981 562 donisque
1005 508 1215 573 iugalibus
1240 508 1354 551 arsit.

318 565 589 632 imperfectus
613 564 752 607 adhuc
775 564 914 606 infans
938 564 1163 620 genetricis
1187 564 1242 606 ab
1265 565 1362 607 alvo

318 622 503 688 eripitur,
559 621 748 675 atrioque
772 628 890 663 tener
913 619 969 674 (si
993 620 1162 663 credere
1186 621 1362 677 dignum
1385 620 1468 677 est)

317 678 499 721 insuitur
522 636 671 720 femori
695 683 968 732 maternaque
993 685 1183 733 tempora
1207 677 1399 744 complet.

317 735 463 777 furtim
486 734 606 775 illum
629 733 774 790 primis
798 734 878 776 Ino
901 741 1127 776 matertera
1151 733 1270 776 cunis

319 791 487 834 educat:
511 790 609 832 inde
635 790 780 832 datum
803 790 1015 846 nymphae
1038 790 1246 845 Nyseides
1271 789 1401 833 antris

319 848 540 891 occuluere
564 846 650 888 suis
674 846 879 901 lactisque
903 847 1101 889 alimenta
1124 846 1290 889 dedere.

374 904 578 958 Dumque
603 918 653 945 ea
676 918 753 958 per
775 910 906 945 terras
930 902 1049 945 fatali
1071 903 1166 959 lege
1189 909 1407 959 geruntur,
1515 913 1677 950 stratam

318 968 494 1015 tutaque
519 960 582 1001 bis
606 959 738 1015 geniti
761 966 859 1001 sunt
880 959 1137 1001 incunabula
1159 959 1339 1002 Bacchi:

318 1017 426 1059 forte
449 1017 595 1058 Iovem
620 1023 874 1065 memorant,
899 1015 1100 1058 diffusum
1123 1023 1311 1082 nectare,
1336 1029 1459 1058 curas

320 1073 605 1129 seposuisse„
581 1087 730 1115 erraves
754 1086 972 1126 vacuaque
997 1072 1179 1128 agitasse
1201 1072 1399 1115 remissos

320 1145 416 1172 cum
440 1129 638 1172 Iunone’
626 1143 740 1171 locos
766 1132 843 1171 et‘
850 1129 984 1170 maior
1006 1136 1146 1172 vestra
1167 1129 1357 1185 profecto
1380 1135 1457 1180 est,

320 1201 448 1240 quam
473 1200 581 1240 quae
606 1185 811 1241 contingit
833 1185 1038 1227 maribus’
1064 1185 1219 1228 dixisse
1245 1185 1470 1251 ‘voluptas.
1473 1184 1484 1203 '

319 1243 392 1285 illa
414 1250 555 1298 negat.
614 1242 791 1298 placuit,
816 1256 924 1296 quae
949 1242 1002 1284 sit
1025 1242 1232 1284 sententia
1255 1241 1368 1284 docti

319 1314 521 1354 quaerere
545 1298 752 1341 Tiresiae:
790 1299 938 1342 Venus
961 1297 1059 1340 huic
1083 1305 1172 1341 erat
1193 1306 1372 1354 utraque
1393 1303 1508 1340 nota.

317 1371 418 1398 nam
442 1355 526 1397 duo
550 1369 799 1411 magnorum
825 1354 951 1396 viridi
971 1355 1166 1398 coeuntia
1189 1355 1296 1397 silva

321 1426 496 1468 corpora
509 1419 762 1477 serpentum
786 1411 926 1454 baculi
949 1411 1179 1454 violaverat
1200 1412 1306 1454 ictu.

319 1469 456 1523 deque
479 1468 568 1510 viro
593 1468 731 1511 factus
754 1466 984 1523 (mirabile)
1007 1467 1165 1511 femina
1189 1475 1350 1523 septem

318 1532 463 1580 egerat
487 1532 723 1567 autumnos.
783 1531 931 1567 octavo
955 1539 1100 1567 rursus
1124 1524 1295 1567 eosdem

318 1581 424 1623 vidit
447 1588 489 1624 et
513 1586 596 1623 ‘est
619 1589 783 1624 vestrae
808 1581 843 1623 si
866 1588 983 1623 tanta
1005 1580 1193 1647 potentia
1214 1579 1395 1637 plagae,’

320 1638 461 1679 dixit‘
469 1646 515 1680 ut
539 1638 720 1680 auctoris
744 1645 899 1680 sortem
922 1637 967 1679 in
990 1637 1199 1680 contraria
1221 1643 1368 1686 mutet,

318 1709 431 1737 nunc
455 1709 624 1759 quoque
647 1708 723 1736 vos
747 1693 922 1736 feriam?
980 1694 1189 1760 percussis
1213 1692 1425 1759 anguibus
1447 1675 1581 1736 isdem

319 1751 456 1793 forma
478 1750 593 1806 prior
615 1750 757 1800 rediit,
781 1750 1051 1806 genitivaque
1075 1750 1189 1792 venit
1211 1749 1366 1806 imago.

319 1807 475 1849 arbiter
497 1806 565 1848 hic
588 1807 718 1862 igitur
740 1813 932 1862 sumptus
957 1806 1010 1849 de
1032 1806 1140 1848 lite·
1128 1820 1270 1848 lOOOSa

319 1863 432 1905 dicta
454 1863 569 1905 Iovis
593 1863 744 1904 firmat.
801 1863 973 1918 gravius
999 1861 1198 1906 Saturnia
1220 1862 1330 1904 iusto

317 1934 396 1962 nec
419 1933 496 1985 pro
519 1919 694 1961 materia
717 1919 850 1962 fertur
873 1918 1075 1969 doluisse,
1098 1918 1248 1973 suique

318 1975 468 2018 iudicis
492 1982 663 2018 aeterna
685 1975 900 2018 damnavit
922 1976 1083 2017 lumina
1105 1982 1240 2018 nocte.

319 2039 362 2074 at
385 2039 506 2088 pater
529 2032 790 2087 omnipotens
814 2031 971 2086 (neque
995 2031 1107 2074 enim
1130 2031 1228 2074 licet
1249 2030 1366 2074 irrita
1389 2030 1587 2087 cuiquam

318 2089 431 2130 facta
455 2088 523 2130 dei
546 2088 696 2130 fecisse
721 2088 820 2142 deo)
843 2102 919 2143 pro
942 2088 1100 2139 lumine
1124 2088 1321 2143 adempto

319 2145 424 2187 scire
448 2144 591 2187 futura
614 2144 729 2187 dedit
752 2159 1017 2200 poenamque
1039 2144 1196 2187 levavit
1218 2144 1389 2188 honore.

375 2201 454 2243 Ille
477 2216 554 2256 per
576 2201 739 2243 Aonias
763 2200 878 2242 fama
902 2200 1198 2243 celeberrimus
1221 2200 1348 2243 urbes
1474 2210 1675 2246 Narcissus.

318 2257 616 2313 inreprehensa
640 2257 769 2299 dabat
791 2257 947 2313 populo
971 2271 1172 2323 responsa
1193 2257 1367 2313 petenti.

317 2314 453 2370 prima
475 2314 558 2356 fide
582 2314 780 2368 vocisque
803 2321 920 2356 ratae
943 2313 1229 2379 temptamina
1240 2313 1418 2369 sumpsit

319 2370 486 2412 caerula
510 2370 702 2426 Liriope,
727 2384 855 2425 quam
879 2370 1092 2424 quondam
1113 2369 1286 2412 flumine
1309 2383 1439 2412 curvo

317 2426 524 2492 implicuit
547 2427 798 2481 clausaeque
823 2426 908 2468 suis
934 2424 1180 2482 Cephisus
1167 2440 1212 2468 m
1234 2425 1359 2468 undis

318 2483 405 2525 vim
427 2483 535 2524 tulit.
595 2482 720 2525 enixa
743 2490 806 2525 est
828 2491 948 2525 utero
972 2481 1253 2549 pulcherrima
1273 2483 1406 2549 pleno

318 2539 540 2588 infantem,
563 2538 796 2595 nymphis
783 2554 869 2581 1am
892 2547 993 2582 tunc
1015 2538 1090 2594 qui
1112 2545 1254 2595 posset
1276 2537 1422 2588 amari,

319 2595 649 2649 Narcissumque
673 2602 807 2637 vocat.
868 2595 920 2638 de
945 2610 1029 2650 quo
1054 2595 1282 2644 consultus,
1307 2610 1361 2637 an
1384 2601 1494 2639 esset

318 2659 509 2716 tempora
531 2658 720 2693 maturae
745 2651 911 2693 visurus
934 2652 1063 2708 longa
1087 2658 1292 2702 senectae,

318 2706 515 2805 ΐειῐίᾶίοὲιε
539 2712 693 2749 vates‘
701 2707 736 2749 si
760 2722 803 2749 se
827 2722 911 2750 non
934 2707 1115 2750 noverit'
1140 2707 1288 2761 inquit.

319 2778 429 2806 vana
481 2779 526 2806 ιιι
549 2763 639 2806 visa
663 2771 723 2806 est
748 2778 831 2807 vox
855 2764 1040 2821 auguris.
1100 2763 1234 2808 exitus
1257 2763 1374 2806 illam
