1786 3242
59 318 62 319 ⁷
298 300 795 340 METAMORPHOSEON
816 301 915 338 LIB.
940 302 991 338 X.
1016 302 1210 339 619--706,

47 383 215 498 Q
235 399 261 429 c
282 383 396 428 lasso
419 383 618 428 veniebat
641 383 852 428 anhelitus
875 398 948 428 ore
956 400 970 435 3

53 480 57 486 ,
83 445 94 454 “
211 455 268 486 ue
291 448 382 485 erat
404 440 551 498 longe:
575 449 667 484 tum
691 440 874 496 denique
898 440 951 484 de
975 440 1109 484 tribus
1134 455 1268 484 unum

43 496 227 554 {stibus
249 497 438 542 arboreis
459 497 600 555 proles
624 498 841 554 Neptunia
864 497 991 540 misit.

40 553 272 613 ‘obstipuit
294 554 430 612 virgo,
453 554 660 610 nitidique
684 554 883 612 cupidine
906 555 1023 612 pomi

34 611 253 668 fdeclinat
274 625 425 655 cursus
449 625 687 668 aurumque
709 611 896 654 volubile
921 611 1041 654 tollit.

51 677 53 682 ’
170 668 268 712 terit
289 668 605 725 Hippomenes:
628 675 830 711 resonant
854 668 1095 725 spectacula
1118 668 1284 725 plausu.

62 682 326 771 &moram
348 724 476 768 celeri
499 732 748 780 cessataque
771 731 963 781 tempora
987 739 1114 768 cursu

35 788 46 796 ’
67 781 241 840 corrigit
263 789 392 838 atque
414 781 570 825 iterum
592 781 792 824 iuvenem
815 789 913 838 post
936 788 1057 838 terga
1080 781 1293 837 relinquit.

46 853 51 882 1
66 846 114 885 ct
132 853 280 883 rursus
301 838 420 896 pomi
442 838 558 881 iactu
580 845 793 881 remorata
817 838 993 881 secundi

3 936 6 937 γ
38 895 340 952 “ὀοωθςιιὶῐιιι·
362 895 597 950 transitque
620 895 774 937 virum.
833 910 932 952 pars
956 895 1106 938 ultima
1129 909 1279 938 cursus

1 959 3 967 ⁴
35 968 50 1003 ·;
65 952 266 999 notabat.
307 951 516 995 “‘nunc’'’
539 952 678 1008 inquit
701 951 865 1003 “‘ades‚
890 951 971 995 dea
993 952 1182 996 muneris
1206 952 1422 995 auctorx'”

0 1039 1 1042 =
43 1056 49 1062 2
65 1009 196 1077 inque
218 1009 330 1053 latus
355 1008 514 1066 campi,
537 1023 624 1064 quo
647 1008 809 1052 tardius
833 1008 906 1052 illa
928 1009 1098 1060 rediret,

6 1093 8 1095 v
39 1066 166 1121 [iamt
188 1066 244 1110 ab
267 1065 442 1122 obliquo
465 1066 646 1109 nitidum
669 1065 921 1109 iuvenaliter
944 1081 1109 1109 aurum.

45 1123 122 1168 lan
143 1130 326 1182 peteret,
349 1123 472 1190 virgo
496 1123 589 1166 visa
612 1131 676 1166 est
701 1123 916 1166 dubitare:
943 1124 1065 1180 coegi

7 1234 10 1235 ⁷
63 1180 211 1224 tollere
234 1187 278 1224 et
299 1179 627 1224 adieci'sublato
650 1180 841 1238 pondera
864 1180 990 1231 malo,

14 1264 34 1291 g
62 1236 324 1295 impediique
348 1237 488 1280 oneris
510 1236 669 1294 pariter
691 1237 903 1294 gravitate
925 1252 1144 1294 moraque.

12 1299 36 1346 ἢ.
62 1308 173 1339 neve
195 1309 316 1338 meus
340 1308 480 1338 sermo
504 1309 632 1338 cursu
656 1294 709 1337 sit
732 1294 892 1337 tardior
914 1295 1029 1351 ipso:

0 1354 33 1400 ἰῇ
93 1351 292 1396 raeterita
315 1359 379 1394 est
401 1350 522 1408 virgo
530 1368 542 1403 3
567 1351 689 1394 duxit
712 1366 791 1394 sua
814 1352 1004 1408 praemia
1027 1351 1174 1395 victor.

63 1365 268 1466 gigne-ne,
293 1407 363 1452 cui
385 1415 528 1466 grates
553 1417 718 1466 ageret,
744 1408 813 1452 cui
837 1408 943 1452 turis
967 1409 1172 1453 honorem

14 1494 43 1516 2.-
61 1465 211 1516 ferret,
235 1464 402 1517 Adoni,
425 1465 514 1508 fui?
548 1481 629 1509 nec
652 1474 795 1522 grates
818 1466 1042 1509 immemor
1066 1467 1155 1522 egit

62 1537 143 1568 mc
165 1521 270 1565 mihi
292 1529 390 1566 tura
414 1522 550 1566 dedit!
586 1523 771 1565 subitam
796 1530 1020 1566 convertor
1042 1523 1086 1566 in
1109 1523 1230 1574 iram,

12 1597 47 1636 22:
62 1586 395 1636 contemptuque
419 1579 587 1631 dolens,
610 1594 666 1623 ne
690 1579 771 1622 sim
796 1580 1036 1636 spernenda
1059 1580 1228 1632 futuris,

3 1643 41 1690 sp
63 1637 260 1694 exemplo
284 1651 436 1687 caveo,
459 1651 613 1692 meque
636 1636 731 1693 ipsa
754 1637 953 1680 exhortor
975 1637 1020 1679 in
1044 1637 1207 1681 ambos.

61 1693 240 1751 templa,
264 1693 393 1737 deum
415 1693 550 1736 Matri
573 1708 683 1750 quae
707 1694 923 1750 quondam
947 1694 1087 1737 clarus
1110 1693 1279 1739 Echion

62 1749 225 1796 fecerat
248 1750 303 1794 ex
326 1757 446 1801 vot0,
469 1750 704 1793 nemorosis
729 1751 875 1794 abdita
899 1751 1028 1802 silvis,

24 1811 39 1831 ²
60 1807 318 1858 transibant,
344 1814 387 1851 et
409 1807 490 1851 iter
511 1807 690 1865 longum
713 1807 979 1864 requiescere
1005 1809 1151 1852 suasit.

20 1863 148 1927 {illic
171 1864 422 1908 concubitus
444 1865 746 1922 intempestiva
770 1865 926 1922 cupido

22 1925 47 1974 τῗ
61 1928 243 1978 occupat
264 1921 585 1978 Hippomenen,
611 1938 638 1965 a
660 1922 834 1965 numine
859 1923 1025 1965 concita
1047 1929 1206 1966 nostro.

22 1976 234 2039 {luminis
259 1978 405 2046 exigui
426 1977 567 2023 fuerat
590 1994 724 2036 prope
749 1980 909 2036 templa
931 1994 1138 2031 recessus,

24 2038 43 2088 53}
62 2035 290 2093 speluncae
313 2035 482 2086 similis,
504 2036 650 2079 nativo
673 2036 843 2093 pumice
868 2044 1018 2088 tectus,

0 2142 1 2147 ,
23 2096 42 2149 3
60 2091 264 2150 religione
287 2107 408 2136 sacer
429 2093 589 2150 prisca,
613 2107 699 2149 quo
723 2094 858 2136 multa
882 2094 1080 2136 sacerdos

0 2150 1 2154 ’
23 2151 42 2186 2<
60 2148 204 2207 lignea
226 2150 463 2194 contulerat
486 2157 676 2194 veterum
703 2151 930 2194 simulacra
954 2151 1144 2194 deorum.

60 2205 176 2251 hunc
197 2206 277 2250 init
299 2214 343 2250 et
365 2207 497 2251 vetito
521 2215 700 2251 temerat
723 2208 908 2250 sacraria
932 2208 1103 2264 probro.

61 2278 183 2307 sacra
205 2271 466 2307 retorserunt
489 2265 654 2315 oculos3
679 2264 915 2320 turritaque
939 2265 1097 2315 Mater,

32 2337 41 2379 f
60 2335 118 2364 an
141 2319 224 2378 Sty
255 2321 296 2364 ‘a
319 2328 480 2372 sontes,
506 2321 736 2373 dubitavit,
762 2330 974 2378 mergeret
997 2322 1126 2364 unda.

27 2381 45 2432 ξ’
59 2391 200 2435 poena
221 2336 328 2422 felvis
351 2378 444 2421 visa
467 2387 543 2422 est.
605 2393 707 2435 ergo
731 2379 858 2421 modo
882 2379 994 2422 levia
1017 2379 1161 2421 fulvae

14 2434 171 2499 ἰᾗ-(εοῌει
190 2434 318 2479 iubae
341 2435 503 2486 velant,
529 2435 651 2493 digiti
675 2444 905 2478 curvantur
928 2436 973 2478 in
996 2450 1177 2492 ungues,

26 2499 115 2551 §ex
135 2491 296 2535 umeris
320 2492 427 2534 armi
450 2492 577 2543 fiunt,
601 2493 645 2535 in
668 2501 841 2549 pectora
864 2499 1002 2535 totum

15 2548 226 2616 'pondus
251 2548 358 2600 abit,
383 2564 575 2592 summae
601 2550 739 2593 cauda
762 2557 990 2592 verruntur
1013 2549 1212 2592 harenae.

29 2659 31 2662 Α
57 2619 167 2655 lram
189 2606 333 2649 vultus
357 2605 505 2657 habet,
529 2621 606 2663 pro
631 2607 771 2649 verbis
795 2622 1014 2649 murmura
1037 2606 1235 2658 reddunt,

29 2666 38 2694 3‘
89 2676 137 2705 ro
159 2661 356 2706 thalamis
381 2663 596 2706 celebrant
621 2664 767 2706 silvas:
794 2664 970 2719 aliisque
995 2663 1172 2707 timendi

18 2700 49 2790 Ξ
90 2726 187 2763 ente
209 2729 409 2776 premunt
433 2720 592 2763 domito
618 2719 826 2777 Cybeleia
850 2721 971 2764 frena
994 2721 1152 2764 leones.

31 2773 138 2825 &hos
160 2783 228 2828 tu,
253 2791 350 2821 care
374 2776 499 2829 mihi,
524 2792 707 2834 cumque
732 2778 798 2821 his
822 2793 959 2834 genus
984 2793 1109 2822 omne
1133 2777 1336 2830 ferarum,

19 2826 174 2896 {ssquod
196 2848 282 2877 non
305 2841 426 2892 terga
450 2834 598 2892 fugae,
625 2835 700 2879 sed
725 2850 895 2892 pugnae
919 2843 1094 2893 pectora
1118 2835 1308 2892 praebet,

34 2899 50 2930 ἐ
1141 2903 1208 2939 12·

34 2659 44 2671 Q

33 2930 50 2974 Ξ]

1362 293 1446 336 179

1470 511 1537 544 665

1471 795 1540 829 670

1470 1081 1536 1113 675

1472 1366 1540 1399 680

1472 1652 1539 1685 685

1472 1937 1539 1970 690

1471 2222 1537 2255 695

1471 2507 1537 2539 700

1467 2793 1533 2825 705
