1786 3242
399 225 484 268 214
841 234 885 268 Ρ.
912 234 1076 270 OVIDII
1100 233 1317 271 NASONIS

399 315 530 358 frater
553 322 661 365 erat3
687 314 871 357 fraterna
894 322 1005 370 peto.
1065 314 1167 370 quid
1191 314 1395 371 sanguine
1419 322 1557 359 cretus

402 371 601 427 Sisyphio
626 371 832 425 furtisque
858 379 896 412 et
922 370 1070 412 fraude
1095 370 1328 413 simillimus
1352 371 1412 413 illi

399 427 543 469 inserit
567 426 767 469 Aeacidis
792 426 951 468 alienae
976 427 1147 474 nomina
1169 427 1332 482 gentis?
1356 450 1412 458 —

400 498 454 524 an
478 483 592 537 quod
615 483 658 524 in
684 497 800 524 arma
824 482 937 538 prior
960 483 1160 537 nulloque
1185 483 1264 524 sub
1288 482 1425 525 indice
1448 484 1558 534 veni,

331 552 373 583 85
399 554 514 580 arma
538 539 733 595 neganda
756 538 884 580 mihi?
918 539 1139 594 potiorque
1163 539 1373 581 videbitur
1394 538 1477 589 ille,

399 595 547 636 ultima
570 595 643 649 qui
669 594 779 650 cepit
803 594 1133 649 detrectavitque
1157 595 1297 637 furore

398 651 588 692 militiam
612 651 728 700 ficto,
755 651 889 693 donec
914 651 1117 693 sollertior
1141 651 1235 701 isto,

399 707 473 749 sed
497 707 575 749 sibi
600 707 795 757 inutilior,
821 707 952 748 timidi
979 715 1215 750 commenta
1237 707 1387 750 retexit

397 763 657 818 Naupliades
682 763 810 806 animi
835 763 1049 818 vitataque
1074 764 1199 805 tra-xit
1223 763 1266 805 in
1291 763 1432 806 arma?

329 832 375 864 40
398 819 557 875 optima
579 834 681 861 num
707 827 863 868 sumat,
889 820 989 874 quia
1013 834 1176 862 sumere
1200 819 1334 862 noluit
1357 819 1460 863 ullat

397 890 474 917 nos
498 875 734 918 inhonorati
759 883 800 918 et
824 875 943 917 donis
968 876 1227 931 patruelibus
1251 875 1356 926 orbi,

397 932 624 973 obtulimus
648 932 748 986 quia
771 946 847 973 nos
873 932 926 973 ad
951 933 1084 987 prima
1109 931 1308 988 pericula,
1332 932 1488 975 simus?
1509 955 1568 964 —

398 995 523 1042 atque
547 988 708 1029 utinam
734 996 805 1029 aut
832 1003 953 1031 verus
977 989 1094 1030 furor
1117 988 1204 1037 ille,
1231 996 1304 1030 aut
1327 988 1510 1031 creditus
1534 995 1658 1040 esset,

397 1058 475 1086 nec
500 1058 639 1087 comes
663 1044 730 1086 hic
754 1044 965 1100 Phrygias
989 1059 1174 1098 unquam
1200 1044 1383 1088 venisset
1406 1044 1460 1087 ad
1484 1058 1601 1088 arces

328 1113 372 1144 45
397 1100 583 1142 hortator
607 1100 830 1142 scelerum!
856 1115 941 1142 non
965 1108 1024 1150 te,
1049 1100 1256 1143 Poeantia
1279 1101 1431 1156 proles,

397 1156 635 1221 expositum
659 1156 846 1199 Lemnos
870 1164 1011 1199 nostro
1037 1172 1134 1198 cum
1158 1157 1330 1199 crimine
1354 1157 1548 1200 haberet:

397 1226 470 1266 qul
493 1227 626 1262 nunc,
651 1220 698 1253 ut
721 1221 972 1261 memorant,
998 1213 1258 1255 silvestribus
1283 1213 1451 1255 abditus
1476 1213 1606 1256 antris
1669 1223 1672 1226 '

398 1283 500 1309 saxa
523 1282 667 1310 moves
691 1269 853 1323 gemitu
876 1269 1213 1324 Laertiadaeque
1238 1269 1434 1325 precaris,

396 1338 505 1378 quae
529 1325 680 1366 meruit
689 1340 700 1374 3
725 1338 852 1379 quae,
878 1325 912 1366 si
937 1325 980 1366 di
1004 1333 1120 1375 sunt,
1144 1340 1228 1367 non
1252 1340 1361 1367 vana
1384 1325 1582 1382 precaris.

328 1392 373 1423 50
397 1388 438 1422 et
461 1395 574 1422 nuno
596 1381 684 1429 ille,
710 1380 858 1422 eadem
882 1381 1002 1422 nobis
1026 1381 1186 1423 iuratus
1210 1381 1253 1423 in
1277 1396 1406 1431 arma,

395 1436 497 1478 heu!
522 1451 619 1492 pars
644 1451 729 1478 una
753 1437 927 1486 ducum,
951 1451 1036 1491 quo
1061 1452 1300 1480 successore
1324 1437 1503 1494 sagittae

395 1493 592 1535 Herculis
617 1500 803 1542 utuntur,
828 1493 986 1534 fractus
1010 1493 1241 1548 morboque
1264 1493 1461 1548 fameque

395 1549 640 1602 velaturque
665 1549 872 1603 aliturque
896 1549 1064 1599 avibus,
1089 1550 1363 1605 volucresque
1386 1549 1568 1605 petendo

396 1605 538 1647 debita
561 1605 756 1647 Troianis
780 1612 947 1648 exercet
970 1605 1131 1661 spicula
1154 1605 1263 1647 fatis.

327 1672 370 1704 55
395 1661 463 1703 ille
488 1668 630 1703 tamen
653 1661 776 1711 vivit,
799 1662 898 1715 quia
922 1676 1007 1703 non
1030 1661 1244 1704 comitavit
1267 1661 1437 1705 Ulixen.
1462 1685 1519 1693 -—

394 1718 536 1759 mallet
561 1724 602 1759 et
624 1717 771 1759 infelix
794 1717 1047 1759 Palamedes
1071 1733 1162 1760 esse
1186 1718 1374 1760 relictus:

394 1773 574 1822 viveret,
599 1781 673 1815 aut
696 1780 807 1815 certe
830 1774 962 1815 letum
987 1774 1075 1816 sine
1100 1774 1271 1816 crimine
1295 1774 1481 1817 haberet.

394 1844 521 1883 quem
545 1830 654 1871 male
680 1830 859 1871 convicti
883 1830 1060 1871 nimium
1084 1845 1244 1872 memor
1267 1830 1345 1873 iste
1370 1831 1523 1873 furoris

392 1885 569 1940 prodere
593 1900 682 1927 rem
705 1885 902 1927 Danaam
926 1886 1045 1927 finxit
1069 1886 1298 1940 fictumque
1322 1887 1516 1942 probavit

327 1954 370 1985 60
395 1941 550 1983 crimen
575 1949 615 1983 et
640 1942 837 1990 ostendit,
863 1942 978 1996 quod
1000 1942 1083 1983 iam
1109 1943 1394 1998 praefoderat,
1419 1958 1584 1985 aurum.

394 2012 495 2052 ergo
521 2005 592 2039 aut
617 1998 741 2039 exilio
766 1998 875 2039 vires
900 1998 1102 2040 subduxit
1125 1998 1302 2040 Achivis

394 2061 467 2095 aut
489 2068 610 2096 nece:
637 2054 695 2095 sic
719 2061 899 2109 pugnat,
924 2054 984 2096 sic
1008 2062 1070 2096 est
1094 2054 1343 2097 metuendus
1367 2053 1532 2098 Ulixes.
1556 2079 1613 2086 —

393 2110 466 2164 qui
489 2110 586 2152 licet
610 2110 775 2164 eloquio
799 2110 931 2151 fidum
956 2124 1124 2165 quoque
1148 2110 1329 2152 Nestora
1352 2111 1504 2160 vincat,

392 2166 504 2208 haud
530 2173 672 2208 tamen
696 2166 868 2215 efficiet,
894 2167 1105 2208 desertum
1129 2174 1177 2208 ut
1198 2166 1379 2209 Nestora
1402 2167 1561 2210 crimen

324 2234 367 2265 65
393 2237 484 2264 esse
507 2237 601 2264 rear
624 2222 786 2264 nullum
794 2239 805 2273 ;
830 2222 904 2276 qui
926 2218 1025 2265 'cum
1049 2223 1290 2278 imploraret
1312 2222 1485 2266 Ulixem

391 2279 563 2320 vulnere
587 2278 731 2320 tardus
756 2279 854 2333 equi
878 2278 1099 2333 fessusque
1123 2279 1324 2321 senilibus
1349 2279 1483 2329 annis,

390 2334 579 2390 proditus
603 2350 628 2376 a
653 2335 765 2376 socio
790 2343 865 2377 est.
924 2350 1009 2377 non
1031 2335 1136 2378 haec
1159 2335 1261 2377 mihi
1286 2335 1461 2387 crimina
1483 2335 1588 2392 fingi

392 2390 470 2432 scit
494 2391 601 2433 bene
625 2390 831 2446 Tydides,
857 2392 929 2446 qui
952 2392 1121 2434 nomine
1145 2406 1270 2448 saepe
1294 2388 1490 2434 vocatum

392 2447 592 2502 corripuit
616 2447 862 2502 trepidoque
886 2447 1033 2503 fugam
1059 2447 1327 2504 exprobravit
1350 2447 1500 2490 amico.

325 2516 367 2547 7ο
391 2504 600 2558 aspiciunt
623 2503 754 2545 oculis
779 2504 919 2559 superi
943 2504 1134 2546 mortalia
1156 2504 1292 2546 iustis:

391 2574 443 2601 en
467 2567 564 2614 eget
588 2559 758 2610 auxilio,
783 2560 856 2615 qui
880 2575 964 2602 non
987 2561 1101 2609 tulit3
1125 2567 1256 2614 utque
1280 2559 1461 2615 reliquit,

390 2615 449 2656 sic
473 2615 725 2669 linquendus
751 2624 857 2658 erat:
882 2617 1021 2672 legem
1045 2616 1125 2658 sibi
1149 2616 1311 2658 dixerat
1334 2616 1437 2672 ipse.

390 2672 623 2713 conclamat
646 2672 793 2715 socios.
853 2673 1021 2723 adsum,
1046 2672 1253 2727 videoque
1277 2679 1524 2715 trementem

389 2727 696 2782 pallentemque
722 2736 837 2771 metu
863 2737 904 2772 et
927 2728 1205 2785 trepidantem
1229 2738 1361 2772 morte
1386 2728 1543 2771 sutura.
