<?xml version="1.0" encoding="UTF-8"?>
<!DOCTYPE html PUBLIC "-//W3C//DTD XHTML 1.0 Transitional//EN"
    "http://www.w3.org/TR/xhtml1/DTD/xhtml1-transitional.dtd">
<html xmlns="http://www.w3.org/1999/xhtml" xml:lang="en" lang="en">
 <head>
  <title>
</title>
<meta http-equiv="Content-Type" content="text/html;charset=utf-8" />
  <meta name='ocr-system' content='tesseract 3.04.00' />
  <meta name='ocr-capabilities' content='ocr_page ocr_carea ocr_par ocr_line ocrx_word'/>
</head>
<body>
  <div class='ocr_page' id='page_1' title='image "./carminao02oviduoft_0161.png"; bbox 0 0 1786 3242; ppageno 0'>
   <div class='ocr_carea' id='block_1_1' title="bbox 0 303 114 3242">
    <p class='ocr_par' dir='ltr' id='par_1_1' title="bbox 0 303 114 3242">
     <span class='ocr_line' id='line_1_1' title="bbox 0 303 114 3242; baseline 0 0"><span class='ocrx_word' id='word_1_1' title='bbox 0 303 114 3242; x_wconf 95' lang='lat' dir='ltr'><strong>   </strong></span> 
     </span>
    </p>
   </div>
   <div class='ocr_carea' id='block_1_2' title="bbox 26 316 1242 491">
    <p class='ocr_par' dir='ltr' id='par_1_2' title="bbox 26 301 1242 491">
     <span class='ocr_line' id='line_1_2' title="bbox 26 316 1183 366; baseline 0.002 -2"><span class='ocrx_word' id='word_1_2' title='bbox 26 316 30 355; x_wconf 78' lang='grc' dir='ltr'>ἶ</span> <span class='ocrx_word' id='word_1_3' title='bbox 317 319 371 364; x_wconf 90' lang='lat' dir='ltr'><strong>de</strong></span> <span class='ocrx_word' id='word_1_4' title='bbox 401 321 568 364; x_wconf 86' lang='lat' dir='ltr'><strong>ulcrant</strong></span> <span class='ocrx_word' id='word_1_5' title='bbox 591 321 788 365; x_wconf 83' lang='lat' dir='ltr'>Aurorae</span> <span class='ocrx_word' id='word_1_6' title='bbox 810 321 973 365; x_wconf 86' lang='lat' dir='ltr'><strong>lumina</strong></span> <span class='ocrx_word' id='word_1_7' title='bbox 996 329 1183 366; x_wconf 86' lang='lat' dir='ltr'><strong>noctem:</strong></span> 
     </span>
     <span class='ocr_line' id='line_1_3' title="bbox 81 327 1241 465; baseline 0 -42"><span class='ocrx_word' id='word_1_8' title='bbox 81 327 322 465; x_wconf 48' lang='lat' dir='ltr'><strong>mr</strong></span> <span class='ocrx_word' id='word_1_9' title='bbox 343 377 380 421; x_wconf 89' lang='lat' dir='ltr'><strong>si</strong></span> <span class='ocrx_word' id='word_1_10' title='bbox 396 393 580 434; x_wconf 84' lang='lat' dir='ltr'><strong>vamque</strong></span> <span class='ocrx_word' id='word_1_11' title='bbox 603 385 721 435; x_wconf 83' lang='lat' dir='ltr'><strong>peto,</strong></span> <span class='ocrx_word' id='word_1_12' title='bbox 746 379 964 434; x_wconf 85' lang='lat' dir='ltr'><strong>victorque</strong></span> <span class='ocrx_word' id='word_1_13' title='bbox 987 394 1065 436; x_wconf 87' lang='lat' dir='ltr'><strong>per</strong></span> <span class='ocrx_word' id='word_1_14' title='bbox 1087 379 1241 424; x_wconf 85' lang='lat' dir='ltr'><strong>herbas</strong></span> 
     </span>
     <span class='ocr_line' id='line_1_4' title="bbox 83 433 1242 491; baseline 0.003 -14"><span class='ocrx_word' id='word_1_15' title='bbox 83 454 100 466; x_wconf 71' lang='lat'><em>⁷</em></span> <span class='ocrx_word' id='word_1_16' title='bbox 128 470 141 477; x_wconf 82' lang='grc'><strong>.,</strong></span> <span class='ocrx_word' id='word_1_17' title='bbox 156 446 266 479; x_wconf 65' lang='lat' dir='ltr'><strong>nura</strong></span> <span class='ocrx_word' id='word_1_18' title='bbox 286 433 416 478; x_wconf 85' lang='lat' dir='ltr'><strong>veui’&#39;</strong></span> <span class='ocrx_word' id='word_1_19' title='bbox 441 435 549 486; x_wconf 86' lang='lat' dir='ltr'><strong>dixi,</strong></span> <span class='ocrx_word' id='word_1_20' title='bbox 573 439 834 491; x_wconf 90' lang='lat' dir='ltr'><strong>“nostroque</strong></span> <span class='ocrx_word' id='word_1_21' title='bbox 858 436 1030 479; x_wconf 90' lang='lat' dir='ltr'><strong>medere</strong></span> <span class='ocrx_word' id='word_1_22' title='bbox 1053 437 1242 481; x_wconf 85' lang='lat' dir='ltr'><strong>laboril’&#39;</strong></span> 
     </span>
    </p>
   </div>
   <div class='ocr_carea' id='block_1_3' title="bbox 82 488 1372 607">
    <p class='ocr_par' dir='ltr' id='par_1_3' title="bbox 75 488 1372 607">
     <span class='ocr_line' id='line_1_5' title="bbox 86 488 1147 549; baseline 0.002 -14.979"><span class='ocrx_word' id='word_1_23' title='bbox 86 488 94 514; x_wconf 59' lang='lat'>9</span> <span class='ocrx_word' id='word_1_24' title='bbox 124 490 333 541; x_wconf 42' lang='lat' dir='ltr'><strong>&amp;subito</strong></span> <span class='ocrx_word' id='word_1_25' title='bbox 355 491 542 549; x_wconf 80' lang='lat' dir='ltr'><strong>gemitus</strong></span> <span class='ocrx_word' id='word_1_26' title='bbox 564 492 675 536; x_wconf 88' lang='lat' dir='ltr'><strong>inter</strong></span> <span class='ocrx_word' id='word_1_27' title='bbox 696 508 793 536; x_wconf 91' lang='lat' dir='ltr'><strong>mea</strong></span> <span class='ocrx_word' id='word_1_28' title='bbox 817 492 947 536; x_wconf 88' lang='lat' dir='ltr'><strong>verba</strong></span> <span class='ocrx_word' id='word_1_29' title='bbox 970 493 1147 536; x_wconf 89' lang='lat' dir='ltr'><strong>videbar</strong></span> 
     </span>
     <span class='ocr_line' id='line_1_6' title="bbox 82 546 1372 607; baseline 0.005 -17"><span class='ocrx_word' id='word_1_30' title='bbox 82 546 98 596; x_wconf 65' lang='grc' dir='ltr'>ῗ</span> <span class='ocrx_word' id='word_1_31' title='bbox 122 547 270 593; x_wconf 59' lang='lat' dir='ltr'><strong>bocio</strong></span> <span class='ocrx_word' id='word_1_32' title='bbox 291 561 400 604; x_wconf 88' lang='lat' dir='ltr'><strong>quos</strong></span> <span class='ocrx_word' id='word_1_33' title='bbox 424 549 614 593; x_wconf 82' lang='lat' dir='ltr'>audisse:</span> <span class='ocrx_word' id='word_1_34' title='bbox 638 549 804 593; x_wconf 89' lang='lat' dir='ltr'><strong>“veni”</strong></span> <span class='ocrx_word' id='word_1_35' title='bbox 829 557 972 592; x_wconf 86' lang='lat' dir='ltr'><strong>tamen</strong></span> <span class='ocrx_word' id='word_1_36' title='bbox 995 550 1244 607; x_wconf 85' lang='lat' dir='ltr'><strong>“optimal&#39;&#39;</strong></span> <span class='ocrx_word' id='word_1_37' title='bbox 1269 552 1372 596; x_wconf 85' lang='lat' dir='ltr'>dixi.</span> 
     </span>
    </p>
   </div>
   <div class='ocr_carea' id='block_1_4' title="bbox 22 602 1244 719">
    <p class='ocr_par' dir='ltr' id='par_1_4' title="bbox 22 602 1244 719">
     <span class='ocr_line' id='line_1_7' title="bbox 27 602 1244 663; baseline 0.003 -16"><span class='ocrx_word' id='word_1_38' title='bbox 27 624 30 625; x_wconf 79' lang='lat'><em>⁷</em></span> <span class='ocrx_word' id='word_1_39' title='bbox 91 625 94 629; x_wconf 86' lang='grc'><strong>-</strong></span> <span class='ocrx_word' id='word_1_40' title='bbox 120 602 276 650; x_wconf 64' lang='lat' dir='ltr'><strong>&#39;fimde</strong></span> <span class='ocrx_word' id='word_1_41' title='bbox 297 605 436 648; x_wconf 86' lang='lat' dir='ltr'><strong>levem</strong></span> <span class='ocrx_word' id='word_1_42' title='bbox 459 621 606 649; x_wconf 88' lang='lat' dir='ltr'><strong>rursus</strong></span> <span class='ocrx_word' id='word_1_43' title='bbox 629 607 852 663; x_wconf 83' lang='lat' dir='ltr'><strong>strepitum</strong></span> <span class='ocrx_word' id='word_1_44' title='bbox 875 606 1058 650; x_wconf 82' lang='lat' dir='ltr'><strong>faciente</strong></span> <span class='ocrx_word' id='word_1_45' title='bbox 1081 609 1244 651; x_wconf 88' lang='lat' dir='ltr'><strong>caduca</strong></span> 
     </span>
     <span class='ocr_line' id='line_1_8' title="bbox 22 662 1202 719; baseline -0.003 -13"><span class='ocrx_word' id='word_1_46' title='bbox 22 677 26 692; x_wconf 69' lang='lat'><strong>-‚</strong></span> <span class='ocrx_word' id='word_1_47' title='bbox 119 673 222 710; x_wconf 65' lang='lat' dir='ltr'><strong>,m</strong></span> <span class='ocrx_word' id='word_1_48' title='bbox 244 669 362 705; x_wconf 88' lang='lat' dir='ltr'><strong>ratus</strong></span> <span class='ocrx_word' id='word_1_49' title='bbox 386 677 480 706; x_wconf 87' lang='lat' dir='ltr'><strong>esse</strong></span> <span class='ocrx_word' id='word_1_50' title='bbox 501 662 638 706; x_wconf 87' lang='lat' dir='ltr'><strong>feram</strong></span> <span class='ocrx_word' id='word_1_51' title='bbox 662 664 879 719; x_wconf 90' lang='lat' dir='ltr'><strong>telumque</strong></span> <span class='ocrx_word' id='word_1_52' title='bbox 903 664 1072 707; x_wconf 88' lang='lat' dir='ltr'><strong>volatile</strong></span> <span class='ocrx_word' id='word_1_53' title='bbox 1094 665 1202 707; x_wconf 70' lang='lat' dir='ltr'><strong>misi„</strong></span> 
     </span>
    </p>
   </div>
   <div class='ocr_carea' id='block_1_5' title="bbox 77 713 1305 776">
    <p class='ocr_par' dir='ltr' id='par_1_5' title="bbox 77 713 1305 776">
     <span class='ocr_line' id='line_1_9' title="bbox 77 713 1305 776; baseline 0.002 -15"><span class='ocrx_word' id='word_1_54' title='bbox 77 726 92 761; x_wconf 71' lang='grc' dir='ltr'><strong>,ἱ</strong></span> <span class='ocrx_word' id='word_1_55' title='bbox 119 713 297 763; x_wconf 56' lang='lat' dir='ltr'><strong>&lt;num-is</strong></span> <span class='ocrx_word' id='word_1_56' title='bbox 320 718 429 762; x_wconf 82' lang='lat' dir='ltr'><strong>erat!</strong></span> <span class='ocrx_word' id='word_1_57' title='bbox 454 719 680 775; x_wconf 90' lang='lat' dir='ltr'><strong>medioque</strong></span> <span class='ocrx_word' id='word_1_58' title='bbox 703 727 851 763; x_wconf 91' lang='lat' dir='ltr'><strong>tenens</strong></span> <span class='ocrx_word' id='word_1_59' title='bbox 875 720 920 762; x_wconf 90' lang='lat' dir='ltr'><strong>in</strong></span> <span class='ocrx_word' id='word_1_60' title='bbox 943 727 1113 776; x_wconf 84' lang='lat' dir='ltr'>pectore</span> <span class='ocrx_word' id='word_1_61' title='bbox 1136 722 1305 773; x_wconf 89' lang='lat' dir='ltr'><strong>vulnus,</strong></span> 
     </span>
    </p>
   </div>
   <div class='ocr_carea' id='block_1_6' title="bbox 0 772 1480 2088">
    <p class='ocr_par' dir='ltr' id='par_1_6' title="bbox 0 772 1480 2091">
     <span class='ocr_line' id='line_1_10' title="bbox 71 772 1310 834; baseline 0.003 -15.987"><span class='ocrx_word' id='word_1_62' title='bbox 71 772 86 786; x_wconf 75' lang='lat'><strong><em>⁵</em></strong></span> <span class='ocrx_word' id='word_1_63' title='bbox 121 774 202 819; x_wconf 78' lang='lat' dir='ltr'><strong>“ei</strong></span> <span class='ocrx_word' id='word_1_64' title='bbox 222 774 379 818; x_wconf 84' lang='lat' dir='ltr'><strong>mihil”</strong></span> <span class='ocrx_word' id='word_1_65' title='bbox 405 777 653 819; x_wconf 78' lang='lat' dir='ltr'><strong>conclamat.</strong></span> <span class='ocrx_word' id='word_1_66' title='bbox 712 791 798 820; x_wconf 87' lang='lat' dir='ltr'><strong>vox</strong></span> <span class='ocrx_word' id='word_1_67' title='bbox 821 783 885 820; x_wconf 92' lang='lat' dir='ltr'><strong>est</strong></span> <span class='ocrx_word' id='word_1_68' title='bbox 907 777 983 819; x_wconf 92' lang='lat' dir='ltr'><strong>ubi</strong></span> <span class='ocrx_word' id='word_1_69' title='bbox 1007 778 1178 834; x_wconf 89' lang='lat' dir='ltr'><strong>cognita</strong></span> <span class='ocrx_word' id='word_1_70' title='bbox 1200 779 1310 822; x_wconf 88' lang='lat' dir='ltr'><strong>fidae</strong></span> 
     </span>
     <span class='ocr_line' id='line_1_11' title="bbox 20 831 1275 890; baseline 0.002 -14"><span class='ocrx_word' id='word_1_71' title='bbox 20 842 26 888; x_wconf 77' lang='lat' dir='ltr'><em>j</em></span> <span class='ocrx_word' id='word_1_72' title='bbox 67 850 74 876; x_wconf 57' lang='lat'><strong>*1</strong></span> <span class='ocrx_word' id='word_1_73' title='bbox 121 831 340 890; x_wconf 60' lang='lat' dir='ltr'><strong>coniugis,</strong></span> <span class='ocrx_word' id='word_1_74' title='bbox 362 831 420 876; x_wconf 79' lang='lat' dir='ltr'><strong>ad</strong></span> <span class='ocrx_word' id='word_1_75' title='bbox 441 847 592 876; x_wconf 86' lang='lat' dir='ltr'><strong>vocem</strong></span> <span class='ocrx_word' id='word_1_76' title='bbox 615 848 818 890; x_wconf 89' lang='lat' dir='ltr'><strong>praeceps</strong></span> <span class='ocrx_word' id='word_1_77' title='bbox 842 848 1073 889; x_wconf 88' lang='lat' dir='ltr'><strong>amensque</strong></span> <span class='ocrx_word' id='word_1_78' title='bbox 1097 836 1275 878; x_wconf 88' lang='lat' dir='ltr'><strong>cucurri.</strong></span> 
     </span>
     <span class='ocr_line' id='line_1_12' title="bbox 72 887 1334 948; baseline 0.003 -15.984"><span class='ocrx_word' id='word_1_79' title='bbox 72 912 78 929; x_wconf 93' lang='lat'><strong>.·</strong></span> <span class='ocrx_word' id='word_1_80' title='bbox 123 887 417 933; x_wconf 68' lang='lat' dir='ltr'><strong>amianimem</strong></span> <span class='ocrx_word' id='word_1_81' title='bbox 441 897 484 933; x_wconf 89' lang='lat' dir='ltr'><strong>et</strong></span> <span class='ocrx_word' id='word_1_82' title='bbox 507 905 674 947; x_wconf 86' lang='lat' dir='ltr'><strong>sparsas</strong></span> <span class='ocrx_word' id='word_1_83' title='bbox 696 890 939 934; x_wconf 82' lang='lat' dir='ltr'><strong>foedantem</strong></span> <span class='ocrx_word' id='word_1_84' title='bbox 963 891 1170 948; x_wconf 87' lang='lat' dir='ltr'><strong>sanguine</strong></span> <span class='ocrx_word' id='word_1_85' title='bbox 1195 900 1334 936; x_wconf 88' lang='lat' dir='ltr'><strong>vestes</strong></span> 
     </span>
     <span class='ocr_line' id='line_1_13' title="bbox 16 947 1299 998; baseline 0.003 -10"><span class='ocrx_word' id='word_1_86' title='bbox 16 993 20 998; x_wconf 51' lang='grc'><em>,</em></span> <span class='ocrx_word' id='word_1_87' title='bbox 122 951 170 989; x_wconf 77' lang='lat' dir='ltr'><strong>et</strong></span> <span class='ocrx_word' id='word_1_88' title='bbox 191 960 290 998; x_wconf 83' lang='lat' dir='ltr'><strong>sua,</strong></span> <span class='ocrx_word' id='word_1_89' title='bbox 312 961 383 990; x_wconf 81' lang='lat' dir='ltr'><strong>ms</strong></span> <span class='ocrx_word' id='word_1_90' title='bbox 406 947 627 991; x_wconf 78' lang='lat' dir='ltr'><strong>miserum!</strong></span> <span class='ocrx_word' id='word_1_91' title='bbox 647 947 706 990; x_wconf 87' lang='lat' dir='ltr'><strong>de</strong></span> <span class='ocrx_word' id='word_1_92' title='bbox 730 948 904 990; x_wconf 87' lang='lat' dir='ltr'><strong>vulnere</strong></span> <span class='ocrx_word' id='word_1_93' title='bbox 928 948 1041 990; x_wconf 87' lang='lat' dir='ltr'><strong>dona</strong></span> <span class='ocrx_word' id='word_1_94' title='bbox 1063 948 1299 992; x_wconf 83' lang='lat' dir='ltr'><strong>trahentem</strong></span> 
     </span>
     <span class='ocr_line' id='line_1_14' title="bbox 20 1001 1101 1062; baseline 0.001 -16"><span class='ocrx_word' id='word_1_95' title='bbox 20 1003 27 1046; x_wconf 75' lang='grc'><strong>’,</strong></span> <span class='ocrx_word' id='word_1_96' title='bbox 55 1048 58 1050; x_wconf 70' lang='grc'>,</span> <span class='ocrx_word' id='word_1_97' title='bbox 124 1001 297 1049; x_wconf 72' lang='lat' dir='ltr'><strong>invenio</strong></span> <span class='ocrx_word' id='word_1_98' title='bbox 318 1017 558 1062; x_wconf 72' lang='lat' dir='ltr'><strong>corpusque</strong></span> <span class='ocrx_word' id='word_1_99' title='bbox 580 1019 677 1048; x_wconf 87' lang='lat' dir='ltr'><strong>meo</strong></span> <span class='ocrx_word' id='word_1_100' title='bbox 700 1005 803 1047; x_wconf 90' lang='lat' dir='ltr'><strong>mihi</strong></span> <span class='ocrx_word' id='word_1_101' title='bbox 828 1005 966 1048; x_wconf 79' lang='lat' dir='ltr'><strong>carius</strong></span> <span class='ocrx_word' id='word_1_102' title='bbox 990 1005 1101 1048; x_wconf 87' lang='lat' dir='ltr'><strong>ulnis</strong></span> 
     </span>
     <span class='ocr_line' id='line_1_15' title="bbox 18 1058 1138 1118; baseline 0.005 -19"><span class='ocrx_word' id='word_1_103' title='bbox 18 1096 19 1099; x_wconf 73' lang='grc'>,</span> <span class='ocrx_word' id='word_1_104' title='bbox 55 1082 68 1112; x_wconf 70' lang='lat'>1</span> <span class='ocrx_word' id='word_1_105' title='bbox 123 1058 324 1104; x_wconf 83' lang='lat' dir='ltr'><strong>mollibus</strong></span> <span class='ocrx_word' id='word_1_106' title='bbox 347 1062 512 1112; x_wconf 85' lang='lat' dir='ltr'><strong>attollo,</strong></span> <span class='ocrx_word' id='word_1_107' title='bbox 536 1061 753 1117; x_wconf 82' lang='lat' dir='ltr'><strong>scissaque</strong></span> <span class='ocrx_word' id='word_1_108' title='bbox 777 1077 804 1104; x_wconf 90' lang='lat' dir='ltr'><strong>a</strong></span> <span class='ocrx_word' id='word_1_109' title='bbox 826 1069 997 1118; x_wconf 84' lang='lat' dir='ltr'><strong>pectore</strong></span> <span class='ocrx_word' id='word_1_110' title='bbox 1021 1069 1138 1105; x_wconf 89' lang='lat' dir='ltr'><strong>veste</strong></span> 
     </span>
     <span class='ocr_line' id='line_1_16' title="bbox 17 1116 1246 1176; baseline 0.002 -16"><span class='ocrx_word' id='word_1_111' title='bbox 17 1140 20 1141; x_wconf 76' lang='lat'><em>⁷</em></span> <span class='ocrx_word' id='word_1_112' title='bbox 65 1154 70 1170; x_wconf 42' lang='lat'>2</span> <span class='ocrx_word' id='word_1_113' title='bbox 119 1116 302 1162; x_wconf 68' lang='lat' dir='ltr'><strong>vulnera</strong></span> <span class='ocrx_word' id='word_1_114' title='bbox 320 1132 453 1162; x_wconf 73' lang='lat' dir='ltr'><strong>saeva</strong></span> <span class='ocrx_word' id='word_1_115' title='bbox 473 1118 562 1176; x_wconf 84' lang='lat' dir='ltr'><strong>ligo</strong></span> <span class='ocrx_word' id='word_1_116' title='bbox 586 1133 800 1174; x_wconf 92' lang='lat' dir='ltr'><strong>conorque</strong></span> <span class='ocrx_word' id='word_1_117' title='bbox 823 1118 1015 1162; x_wconf 90' lang='lat' dir='ltr'><strong>inhibere</strong></span> <span class='ocrx_word' id='word_1_118' title='bbox 1039 1134 1246 1171; x_wconf 87' lang='lat' dir='ltr'><strong>cruorem,</strong></span> 
     </span>
     <span class='ocr_line' id='line_1_17' title="bbox 23 1176 1153 1227; baseline 0.002 -11"><span class='ocrx_word' id='word_1_119' title='bbox 23 1198 30 1226; x_wconf 73' lang='lat' dir='ltr'>t</span> <span class='ocrx_word' id='word_1_120' title='bbox 65 1216 67 1220; x_wconf 80' lang='grc'>,</span> <span class='ocrx_word' id='word_1_121' title='bbox 122 1187 210 1217; x_wconf 80' lang='lat' dir='ltr'><strong>neu</strong></span> <span class='ocrx_word' id='word_1_122' title='bbox 231 1189 302 1218; x_wconf 85' lang='lat' dir='ltr'><strong>me</strong></span> <span class='ocrx_word' id='word_1_123' title='bbox 324 1182 459 1219; x_wconf 90' lang='lat' dir='ltr'><strong>morte</strong></span> <span class='ocrx_word' id='word_1_124' title='bbox 483 1191 562 1218; x_wconf 88' lang='lat' dir='ltr'><strong>sua</strong></span> <span class='ocrx_word' id='word_1_125' title='bbox 585 1176 837 1219; x_wconf 87' lang='lat' dir='ltr'><strong>sceleratum</strong></span> <span class='ocrx_word' id='word_1_126' title='bbox 862 1176 1041 1227; x_wconf 89' lang='lat' dir='ltr'><strong>deserat,</strong></span> <span class='ocrx_word' id='word_1_127' title='bbox 1066 1191 1153 1219; x_wconf 93' lang='lat' dir='ltr'><strong>oro.</strong></span> 
     </span>
     <span class='ocr_line' id='line_1_18' title="bbox 122 1229 1166 1290; baseline 0.002 -15.874"><span class='ocrx_word' id='word_1_128' title='bbox 122 1229 286 1275; x_wconf 77' lang='lat' dir='ltr'><strong>viribus</strong></span> <span class='ocrx_word' id='word_1_129' title='bbox 307 1231 380 1275; x_wconf 89' lang='lat' dir='ltr'><strong>illa</strong></span> <span class='ocrx_word' id='word_1_130' title='bbox 404 1247 552 1276; x_wconf 87' lang='lat' dir='ltr'><strong>carens</strong></span> <span class='ocrx_word' id='word_1_131' title='bbox 576 1240 618 1276; x_wconf 88' lang='lat' dir='ltr'><strong>et</strong></span> <span class='ocrx_word' id='word_1_132' title='bbox 640 1233 726 1275; x_wconf 87' lang='lat' dir='ltr'><strong>iam</strong></span> <span class='ocrx_word' id='word_1_133' title='bbox 749 1233 1004 1275; x_wconf 85' lang='lat' dir='ltr'><strong>moribunda</strong></span> <span class='ocrx_word' id='word_1_134' title='bbox 1028 1234 1166 1290; x_wconf 72' lang='lat' dir='ltr'><strong>coegit</strong></span> 
     </span>
     <span class='ocr_line' id='line_1_19' title="bbox 14 1285 1226 1346; baseline 0.002 -15"><span class='ocrx_word' id='word_1_135' title='bbox 14 1288 70 1344; x_wconf 45' lang='lat' dir='ltr'><strong>„s</strong></span> <span class='ocrx_word' id='word_1_136' title='bbox 122 1285 230 1331; x_wconf 72' lang='lat' dir='ltr'><strong>haec</strong></span> <span class='ocrx_word' id='word_1_137' title='bbox 253 1303 299 1332; x_wconf 92' lang='lat' dir='ltr'><strong>se</strong></span> <span class='ocrx_word' id='word_1_138' title='bbox 353 1303 462 1333; x_wconf 85' lang='lat' dir='ltr'><strong>auca</strong></span> <span class='ocrx_word' id='word_1_139' title='bbox 482 1290 617 1345; x_wconf 86' lang='lat' dir='ltr'><strong>loqui:</strong></span> <span class='ocrx_word' id='word_1_140' title='bbox 643 1294 753 1346; x_wconf 89' lang='lat' dir='ltr'><strong>“per</strong></span> <span class='ocrx_word' id='word_1_141' title='bbox 775 1290 906 1332; x_wconf 88' lang='lat' dir='ltr'><strong>nostri</strong></span> <span class='ocrx_word' id='word_1_142' title='bbox 930 1290 1103 1333; x_wconf 87' lang='lat' dir='ltr'><strong>foedera</strong></span> <span class='ocrx_word' id='word_1_143' title='bbox 1125 1291 1226 1333; x_wconf 89' lang='lat' dir='ltr'><strong>lecti</strong></span> 
     </span>
     <span class='ocr_line' id='line_1_20' title="bbox 115 1347 1240 1403; baseline 0.004 -16.626"><span class='ocrx_word' id='word_1_144' title='bbox 115 1358 285 1402; x_wconf 20' lang='lat' dir='ltr'><strong>*perque</strong></span> <span class='ocrx_word' id='word_1_145' title='bbox 338 1361 412 1389; x_wconf 90' lang='lat' dir='ltr'><strong>eos</strong></span> <span class='ocrx_word' id='word_1_146' title='bbox 435 1347 616 1403; x_wconf 84' lang='lat' dir='ltr'><strong>supplex</strong></span> <span class='ocrx_word' id='word_1_147' title='bbox 640 1361 715 1389; x_wconf 91' lang='lat' dir='ltr'><strong>oro</strong></span> <span class='ocrx_word' id='word_1_148' title='bbox 739 1361 1000 1403; x_wconf 89' lang='lat' dir='ltr'><strong>superosque</strong></span> <span class='ocrx_word' id='word_1_149' title='bbox 1024 1362 1240 1403; x_wconf 89' lang='lat' dir='ltr'><strong>meosque,</strong></span> 
     </span>
     <span class='ocr_line' id='line_1_21' title="bbox 39 1402 1296 1461; baseline 0.002 -16"><span class='ocrx_word' id='word_1_150' title='bbox 39 1411 64 1455; x_wconf 73' lang='lat'><strong>³⁷.</strong></span> <span class='ocrx_word' id='word_1_151' title='bbox 120 1414 201 1458; x_wconf 83' lang='lat' dir='ltr'><strong>per</strong></span> <span class='ocrx_word' id='word_1_152' title='bbox 222 1402 258 1445; x_wconf 90' lang='lat' dir='ltr'><strong>si</strong></span> <span class='ocrx_word' id='word_1_153' title='bbox 282 1403 388 1459; x_wconf 91' lang='lat' dir='ltr'><strong>quid</strong></span> <span class='ocrx_word' id='word_1_154' title='bbox 410 1404 547 1447; x_wconf 88' lang='lat' dir='ltr'><strong>merui</strong></span> <span class='ocrx_word' id='word_1_155' title='bbox 571 1404 624 1447; x_wconf 90' lang='lat' dir='ltr'><strong>de</strong></span> <span class='ocrx_word' id='word_1_156' title='bbox 649 1411 691 1447; x_wconf 91' lang='lat' dir='ltr'><strong>te</strong></span> <span class='ocrx_word' id='word_1_157' title='bbox 714 1403 844 1455; x_wconf 89' lang='lat' dir='ltr'><strong>bene,</strong></span> <span class='ocrx_word' id='word_1_158' title='bbox 868 1418 1029 1461; x_wconf 89' lang='lat' dir='ltr'><strong>perque</strong></span> <span class='ocrx_word' id='word_1_159' title='bbox 1054 1412 1296 1448; x_wconf 86' lang='lat' dir='ltr'><strong>manentem</strong></span> 
     </span>
     <span class='ocr_line' id='line_1_22' title="bbox 20 1459 1480 1520; baseline 0.004 -19"><span class='ocrx_word' id='word_1_160' title='bbox 20 1459 57 1511; x_wconf 42' lang='grc' dir='ltr'><strong>ἔξ</strong></span> <span class='ocrx_word' id='word_1_161' title='bbox 118 1473 237 1502; x_wconf 85' lang='lat' dir='ltr'><strong>nunc</strong></span> <span class='ocrx_word' id='word_1_162' title='bbox 259 1473 451 1520; x_wconf 79' lang='lat' dir='ltr'><strong>quoque,</strong></span> <span class='ocrx_word' id='word_1_163' title='bbox 475 1476 573 1503; x_wconf 91' lang='lat' dir='ltr'><strong>cum</strong></span> <span class='ocrx_word' id='word_1_164' title='bbox 596 1475 744 1518; x_wconf 89' lang='lat' dir='ltr'><strong>pereo,</strong></span> <span class='ocrx_word' id='word_1_165' title='bbox 769 1476 943 1504; x_wconf 89' lang='lat' dir='ltr'><strong>causam</strong></span> <span class='ocrx_word' id='word_1_166' title='bbox 967 1461 1070 1504; x_wconf 89' lang='lat' dir='ltr'><strong>mihi</strong></span> <span class='ocrx_word' id='word_1_167' title='bbox 1093 1462 1254 1513; x_wconf 90' lang='lat' dir='ltr'><strong>mortis,</strong></span> <span class='ocrx_word' id='word_1_168' title='bbox 1279 1477 1480 1515; x_wconf 87' lang='lat' dir='ltr'><strong>amorem,</strong></span> 
     </span>
     <span class='ocr_line' id='line_1_23' title="bbox 0 1515 1221 1574; baseline 0.002 -15"><span class='ocrx_word' id='word_1_169' title='bbox 0 1563 1 1567; x_wconf 42' lang='lat'>,</span> <span class='ocrx_word' id='word_1_170' title='bbox 120 1530 177 1559; x_wconf 82' lang='lat' dir='ltr'><strong>ne</strong></span> <span class='ocrx_word' id='word_1_171' title='bbox 199 1515 396 1560; x_wconf 77' lang='lat' dir='ltr'><strong>thalamis</strong></span> <span class='ocrx_word' id='word_1_172' title='bbox 420 1518 587 1561; x_wconf 85' lang='lat' dir='ltr'><strong>Auram</strong></span> <span class='ocrx_word' id='word_1_173' title='bbox 611 1518 774 1574; x_wconf 88' lang='lat' dir='ltr'><strong>patiare</strong></span> <span class='ocrx_word' id='word_1_174' title='bbox 797 1518 1003 1561; x_wconf 89' lang='lat' dir='ltr'><strong>innubere</strong></span> <span class='ocrx_word' id='word_1_175' title='bbox 1026 1519 1221 1561; x_wconf 89' lang='lat' dir='ltr'><strong>nostris.&#39;&#39;</strong></span> 
     </span>
     <span class='ocr_line' id='line_1_24' title="bbox 58 1572 1166 1629; baseline 0.003 -14"><span class='ocrx_word' id='word_1_176' title='bbox 58 1601 61 1603; x_wconf 94' lang='lat'>-</span> <span class='ocrx_word' id='word_1_177' title='bbox 118 1572 247 1625; x_wconf 80' lang='lat' dir='ltr'><strong>dixit,</strong></span> <span class='ocrx_word' id='word_1_178' title='bbox 271 1581 315 1617; x_wconf 88' lang='lat' dir='ltr'><strong>et</strong></span> <span class='ocrx_word' id='word_1_179' title='bbox 337 1589 522 1618; x_wconf 87' lang='lat' dir='ltr'><strong>errorem</strong></span> <span class='ocrx_word' id='word_1_180' title='bbox 545 1582 637 1618; x_wconf 92' lang='lat' dir='ltr'><strong>tum</strong></span> <span class='ocrx_word' id='word_1_181' title='bbox 662 1575 845 1629; x_wconf 88' lang='lat' dir='ltr'><strong>denique</strong></span> <span class='ocrx_word' id='word_1_182' title='bbox 868 1575 1050 1618; x_wconf 87' lang='lat' dir='ltr'><strong>nominis</strong></span> <span class='ocrx_word' id='word_1_183' title='bbox 1075 1591 1166 1618; x_wconf 88' lang='lat' dir='ltr'><strong>esse</strong></span> 
     </span>
     <span class='ocr_line' id='line_1_25' title="bbox 3 1630 1235 1688; baseline 0.002 -15"><span class='ocrx_word' id='word_1_184' title='bbox 3 1651 19 1688; x_wconf 58' lang='lat' dir='ltr'><strong>&gt;j</strong></span> <span class='ocrx_word' id='word_1_185' title='bbox 51 1637 68 1685; x_wconf 61' lang='lat'><strong>²..</strong></span> <span class='ocrx_word' id='word_1_186' title='bbox 118 1636 165 1673; x_wconf 82' lang='lat' dir='ltr'><strong>et</strong></span> <span class='ocrx_word' id='word_1_187' title='bbox 187 1630 301 1674; x_wconf 86' lang='lat' dir='ltr'><strong>sensi</strong></span> <span class='ocrx_word' id='word_1_188' title='bbox 323 1638 368 1674; x_wconf 90' lang='lat' dir='ltr'><strong>et</strong></span> <span class='ocrx_word' id='word_1_189' title='bbox 391 1631 529 1674; x_wconf 75' lang='lat' dir='ltr'><strong>docui,</strong></span> <span class='ocrx_word' id='word_1_190' title='bbox 589 1632 664 1674; x_wconf 91' lang='lat' dir='ltr'><strong>sed</strong></span> <span class='ocrx_word' id='word_1_191' title='bbox 688 1632 791 1687; x_wconf 89' lang='lat' dir='ltr'><strong>quid</strong></span> <span class='ocrx_word' id='word_1_192' title='bbox 816 1632 1011 1675; x_wconf 86' lang='lat' dir='ltr'><strong>docuisse</strong></span> <span class='ocrx_word' id='word_1_193' title='bbox 1034 1632 1235 1676; x_wconf 85' lang='lat' dir='ltr'><strong>iuvabat?</strong></span> 
     </span>
     <span class='ocr_line' id='line_1_26' title="bbox 2 1685 1235 1755; baseline 0.002 -26"><span class='ocrx_word' id='word_1_194' title='bbox 2 1695 4 1701; x_wconf 81' lang='lat'><em>&#39;</em></span> <span class='ocrx_word' id='word_1_195' title='bbox 55 1699 58 1700; x_wconf 71' lang='grc'>’</span> <span class='ocrx_word' id='word_1_196' title='bbox 117 1685 290 1739; x_wconf 76' lang='lat' dir='ltr'><strong>labitur,</strong></span> <span class='ocrx_word' id='word_1_197' title='bbox 314 1694 358 1732; x_wconf 86' lang='lat' dir='ltr'><strong>et</strong></span> <span class='ocrx_word' id='word_1_198' title='bbox 375 1702 537 1755; x_wconf 75' lang='lat' dir='ltr'><strong>parvae</strong></span> <span class='ocrx_word' id='word_1_199' title='bbox 559 1688 732 1745; x_wconf 89' lang='lat' dir='ltr'><strong>fugiunt</strong></span> <span class='ocrx_word' id='word_1_200' title='bbox 755 1704 854 1732; x_wconf 92' lang='lat' dir='ltr'><strong>cum</strong></span> <span class='ocrx_word' id='word_1_201' title='bbox 878 1689 1086 1746; x_wconf 87' lang='lat' dir='ltr'><strong>sanguine</strong></span> <span class='ocrx_word' id='word_1_202' title='bbox 1110 1690 1235 1732; x_wconf 90' lang='lat' dir='ltr'><strong>vires.</strong></span> 
     </span>
     <span class='ocr_line' id='line_1_27' title="bbox 17 1743 1421 1802; baseline 0.003 -15"><span class='ocrx_word' id='word_1_203' title='bbox 17 1793 34 1798; x_wconf 16' lang='grc' dir='ltr'>ἡ</span> <span class='ocrx_word' id='word_1_204' title='bbox 58 1744 79 1762; x_wconf 72' lang='grc'><strong>·””</strong></span> <span class='ocrx_word' id='word_1_205' title='bbox 117 1743 308 1800; x_wconf 89' lang='lat' dir='ltr'><strong>dumque</strong></span> <span class='ocrx_word' id='word_1_206' title='bbox 332 1744 494 1800; x_wconf 87' lang='lat' dir='ltr'><strong>ahquid</strong></span> <span class='ocrx_word' id='word_1_207' title='bbox 518 1753 709 1801; x_wconf 88' lang='lat' dir='ltr'><strong>spectare</strong></span> <span class='ocrx_word' id='word_1_208' title='bbox 733 1753 893 1802; x_wconf 88' lang='lat' dir='ltr'><strong>potest,</strong></span> <span class='ocrx_word' id='word_1_209' title='bbox 917 1761 987 1789; x_wconf 91' lang='lat' dir='ltr'><strong>me</strong></span> <span class='ocrx_word' id='word_1_210' title='bbox 1011 1754 1193 1802; x_wconf 85' lang='lat' dir='ltr'><strong>spectat,</strong></span> <span class='ocrx_word' id='word_1_211' title='bbox 1218 1754 1259 1790; x_wconf 91' lang='lat' dir='ltr'><strong>et</strong></span> <span class='ocrx_word' id='word_1_212' title='bbox 1284 1747 1328 1790; x_wconf 89' lang='lat' dir='ltr'><strong>in</strong></span> <span class='ocrx_word' id='word_1_213' title='bbox 1351 1763 1421 1791; x_wconf 91' lang='lat' dir='ltr'><strong>me</strong></span> 
     </span>
     <span class='ocr_line' id='line_1_28' title="bbox 116 1801 1134 1858; baseline -0.002 -11.169"><span class='ocrx_word' id='word_1_214' title='bbox 116 1801 332 1846; x_wconf 81' lang='lat' dir='ltr'><strong>infelicem</strong></span> <span class='ocrx_word' id='word_1_215' title='bbox 355 1802 541 1845; x_wconf 86' lang='lat' dir='ltr'><strong>animam</strong></span> <span class='ocrx_word' id='word_1_216' title='bbox 563 1809 794 1858; x_wconf 87' lang='lat' dir='ltr'><strong>nostroque</strong></span> <span class='ocrx_word' id='word_1_217' title='bbox 818 1803 959 1845; x_wconf 83' lang='lat' dir='ltr'><strong>exalat</strong></span> <span class='ocrx_word' id='word_1_218' title='bbox 981 1803 1026 1845; x_wconf 90' lang='lat' dir='ltr'><strong>in</strong></span> <span class='ocrx_word' id='word_1_219' title='bbox 1049 1817 1134 1847; x_wconf 88' lang='lat' dir='ltr'><strong>ore.</strong></span> 
     </span>
     <span class='ocr_line' id='line_1_29' title="bbox 10 1858 1060 1906; baseline 0 -4"><span class='ocrx_word' id='word_1_220' title='bbox 10 1879 18 1906; x_wconf 70' lang='grc' dir='ltr'><strong><em>χ</em></strong></span> <span class='ocrx_word' id='word_1_221' title='bbox 50 1860 61 1906; x_wconf 73' lang='lat' dir='ltr'>J</span> <span class='ocrx_word' id='word_1_222' title='bbox 116 1858 198 1902; x_wconf 82' lang='lat' dir='ltr'><strong>sed</strong></span> <span class='ocrx_word' id='word_1_223' title='bbox 219 1859 343 1902; x_wconf 85' lang='lat' dir='ltr'><strong>vultu</strong></span> <span class='ocrx_word' id='word_1_224' title='bbox 364 1859 539 1902; x_wconf 85' lang='lat' dir='ltr'><strong>meliore</strong></span> <span class='ocrx_word' id='word_1_225' title='bbox 561 1859 671 1902; x_wconf 90' lang='lat' dir='ltr'><strong>mori</strong></span> <span class='ocrx_word' id='word_1_226' title='bbox 693 1873 844 1903; x_wconf 87' lang='lat' dir='ltr'><strong>secura</strong></span> <span class='ocrx_word' id='word_1_227' title='bbox 866 1860 1060 1903; x_wconf 87' lang='lat' dir='ltr'><strong>videtur.&#39;</strong></span> 
     </span>
     <span class='ocr_line' id='line_1_30' title="bbox 117 1915 1369 1962; baseline 0.001 -0.918"><span class='ocrx_word' id='word_1_228' title='bbox 117 1915 317 1960; x_wconf 74' lang='lat' dir='ltr'><strong>flentibus</strong></span> <span class='ocrx_word' id='word_1_229' title='bbox 339 1915 447 1960; x_wconf 87' lang='lat' dir='ltr'><strong>haec</strong></span> <span class='ocrx_word' id='word_1_230' title='bbox 468 1916 694 1960; x_wconf 89' lang='lat' dir='ltr'><strong>lacrimans</strong></span> <span class='ocrx_word' id='word_1_231' title='bbox 717 1916 842 1959; x_wconf 89' lang='lat' dir='ltr'><strong>heros</strong></span> <span class='ocrx_word' id='word_1_232' title='bbox 866 1917 1142 1960; x_wconf 86' lang='lat' dir='ltr'><strong>memorabat.</strong></span> <span class='ocrx_word' id='word_1_233' title='bbox 1202 1925 1245 1961; x_wconf 89' lang='lat' dir='ltr'><strong>et</strong></span> <span class='ocrx_word' id='word_1_234' title='bbox 1269 1933 1369 1962; x_wconf 90' lang='lat' dir='ltr'><strong>ecce</strong></span> 
     </span>
     <span class='ocr_line' id='line_1_31' title="bbox 118 1972 1221 2030; baseline 0.001 -13.916"><span class='ocrx_word' id='word_1_235' title='bbox 118 1972 292 2016; x_wconf 85' lang='lat' dir='ltr'><strong>Aeacus</strong></span> <span class='ocrx_word' id='word_1_236' title='bbox 315 1972 553 2030; x_wconf 86' lang='lat' dir='ltr'><strong>ingreditur</strong></span> <span class='ocrx_word' id='word_1_237' title='bbox 573 1973 736 2030; x_wconf 91' lang='lat' dir='ltr'><strong>duplici</strong></span> <span class='ocrx_word' id='word_1_238' title='bbox 759 1988 858 2016; x_wconf 92' lang='lat' dir='ltr'><strong>cum</strong></span> <span class='ocrx_word' id='word_1_239' title='bbox 882 1975 1001 2030; x_wconf 92' lang='lat' dir='ltr'><strong>prole</strong></span> <span class='ocrx_word' id='word_1_240' title='bbox 1024 1988 1221 2029; x_wconf 91' lang='lat' dir='ltr'><strong>novoque</strong></span> 
     </span>
     <span class='ocr_line' id='line_1_32' title="bbox 117 2028 1340 2088; baseline 0.001 -14.832"><span class='ocrx_word' id='word_1_241' title='bbox 117 2029 271 2082; x_wconf 79' lang='lat' dir='ltr'><strong>milite,</strong></span> <span class='ocrx_word' id='word_1_242' title='bbox 295 2043 425 2087; x_wconf 90' lang='lat' dir='ltr'><strong>quem</strong></span> <span class='ocrx_word' id='word_1_243' title='bbox 449 2028 668 2088; x_wconf 87' lang='lat' dir='ltr'><strong>Cephalus</strong></span> <span class='ocrx_word' id='word_1_244' title='bbox 692 2045 791 2075; x_wconf 92' lang='lat' dir='ltr'><strong>cum</strong></span> <span class='ocrx_word' id='word_1_245' title='bbox 815 2030 997 2074; x_wconf 85' lang='lat' dir='ltr'><strong>fortibus</strong></span> <span class='ocrx_word' id='word_1_246' title='bbox 1021 2031 1175 2088; x_wconf 86' lang='lat' dir='ltr'><strong>accipit</strong></span> <span class='ocrx_word' id='word_1_247' title='bbox 1199 2032 1340 2075; x_wconf 88' lang='lat' dir='ltr'><strong>armis.</strong></span> 
     </span>
    </p>
   </div>
   <div class='ocr_carea' id='block_1_7' title="bbox 588 2209 1020 2248">
    <p class='ocr_par' dir='ltr' id='par_1_7' title="bbox 588 2209 1020 2248">
     <span class='ocr_line' id='line_1_33' title="bbox 588 2209 1020 2248; baseline -0.002 -1"><span class='ocrx_word' id='word_1_248' title='bbox 588 2209 746 2247; x_wconf 85' lang='lat' dir='ltr'><strong>LIBER</strong></span> <span class='ocrx_word' id='word_1_249' title='bbox 769 2209 1020 2248; x_wconf 81' lang='lat' dir='ltr'><strong>OCTAVUS.</strong></span> 
     </span>
    </p>
   </div>
   <div class='ocr_carea' id='block_1_8' title="bbox 2 2313 1324 2828">
    <p class='ocr_par' dir='ltr' id='par_1_8' title="bbox 3 2307 1290 2485">
     <span class='ocr_line' id='line_1_34' title="bbox 23 2313 1244 2372; baseline 0.003 -15.984"><span class='ocrx_word' id='word_1_250' title='bbox 23 2320 50 2369; x_wconf 56' lang='grc' dir='ltr'><strong>ξς</strong></span> <span class='ocrx_word' id='word_1_251' title='bbox 115 2313 212 2359; x_wconf 76' lang='lat' dir='ltr'><strong>Iam</strong></span> <span class='ocrx_word' id='word_1_252' title='bbox 233 2313 416 2358; x_wconf 89' lang='lat' dir='ltr'><strong>nitidum</strong></span> <span class='ocrx_word' id='word_1_253' title='bbox 438 2321 658 2372; x_wconf 84' lang='lat' dir='ltr'><strong>retegente</strong></span> <span class='ocrx_word' id='word_1_254' title='bbox 682 2315 796 2358; x_wconf 87' lang='lat' dir='ltr'><strong>diem</strong></span> <span class='ocrx_word' id='word_1_255' title='bbox 819 2315 1041 2371; x_wconf 91' lang='lat' dir='ltr'><strong>noctisque</strong></span> <span class='ocrx_word' id='word_1_256' title='bbox 1065 2315 1244 2372; x_wconf 87' lang='lat' dir='ltr'><strong>fugante</strong></span> 
     </span>
     <span class='ocr_line' id='line_1_35' title="bbox 115 2371 1290 2439; baseline 0.002 -24.829"><span class='ocrx_word' id='word_1_257' title='bbox 115 2378 314 2439; x_wconf 72' lang='lat' dir='ltr'><strong>tempora</strong></span> <span class='ocrx_word' id='word_1_258' title='bbox 331 2371 537 2415; x_wconf 85' lang='lat' dir='ltr'><strong>Lucifero</strong></span> <span class='ocrx_word' id='word_1_259' title='bbox 561 2372 676 2415; x_wconf 79' lang='lat' dir='ltr'><strong>cadit</strong></span> <span class='ocrx_word' id='word_1_260' title='bbox 699 2387 847 2423; x_wconf 90' lang='lat' dir='ltr'><strong>eurus,</strong></span> <span class='ocrx_word' id='word_1_261' title='bbox 873 2379 916 2415; x_wconf 91' lang='lat' dir='ltr'><strong>et</strong></span> <span class='ocrx_word' id='word_1_262' title='bbox 938 2373 1084 2415; x_wconf 84' lang='lat' dir='ltr'><strong>umida</strong></span> <span class='ocrx_word' id='word_1_263' title='bbox 1108 2381 1290 2429; x_wconf 84' lang='lat' dir='ltr'><strong>surgunt</strong></span> 
     </span>
     <span class='ocr_line' id='line_1_36' title="bbox 115 2428 1272 2485; baseline 0.002 -13.823"><span class='ocrx_word' id='word_1_264' title='bbox 115 2428 276 2472; x_wconf 78' lang='lat' dir='ltr'><strong>nubila.</strong></span> <span class='ocrx_word' id='word_1_265' title='bbox 335 2428 439 2472; x_wconf 89' lang='lat' dir='ltr'><strong>dant</strong></span> <span class='ocrx_word' id='word_1_266' title='bbox 461 2429 618 2485; x_wconf 88' lang='lat' dir='ltr'><strong>placidi</strong></span> <span class='ocrx_word' id='word_1_267' title='bbox 642 2444 815 2472; x_wconf 90' lang='lat' dir='ltr'><strong>cursum</strong></span> <span class='ocrx_word' id='word_1_268' title='bbox 837 2429 1114 2472; x_wconf 88' lang='lat' dir='ltr'><strong>redeuntibus</strong></span> <span class='ocrx_word' id='word_1_269' title='bbox 1139 2431 1272 2473; x_wconf 86' lang='lat' dir='ltr'><strong>austri</strong></span> 
     </span>
    </p>

    <p class='ocr_par' dir='ltr' id='par_1_9' title="bbox 2 2483 1324 2828">
     <span class='ocr_line' id='line_1_37' title="bbox 44 2483 1134 2542; baseline 0.002 -14"><span class='ocrx_word' id='word_1_270' title='bbox 44 2505 48 2528; x_wconf 64' lang='grc' dir='ltr'>ι</span> <span class='ocrx_word' id='word_1_271' title='bbox 71 2504 74 2507; x_wconf 62' lang='grc'>’</span> <span class='ocrx_word' id='word_1_272' title='bbox 114 2485 320 2528; x_wconf 85' lang='lat' dir='ltr'><strong>Aeacidis</strong></span> <span class='ocrx_word' id='word_1_273' title='bbox 346 2483 643 2542; x_wconf 86' lang='lat' dir='ltr'><strong>Cephaloque:</strong></span> <span class='ocrx_word' id='word_1_274' title='bbox 669 2486 824 2541; x_wconf 91' lang='lat' dir='ltr'><strong>quibus</strong></span> <span class='ocrx_word' id='word_1_275' title='bbox 848 2486 1027 2529; x_wconf 88' lang='lat' dir='ltr'><strong>feliciter</strong></span> <span class='ocrx_word' id='word_1_276' title='bbox 1050 2487 1134 2530; x_wconf 91' lang='lat' dir='ltr'><strong>acti</strong></span> 
     </span>
     <span class='ocr_line' id='line_1_38' title="bbox 43 2540 1069 2599; baseline 0.001 -14"><span class='ocrx_word' id='word_1_277' title='bbox 43 2540 56 2572; x_wconf 75' lang='lat' dir='ltr'>s</span> <span class='ocrx_word' id='word_1_278' title='bbox 114 2549 215 2586; x_wconf 83' lang='lat' dir='ltr'><strong>ante</strong></span> <span class='ocrx_word' id='word_1_279' title='bbox 238 2558 292 2586; x_wconf 88' lang='lat' dir='ltr'><strong>ex</strong></span> <span class='ocrx_word' id='word_1_280' title='bbox 324 2549 510 2585; x_wconf 85' lang='lat' dir='ltr'><strong>ectatum</strong></span> <span class='ocrx_word' id='word_1_281' title='bbox 533 2551 681 2599; x_wconf 91' lang='lat' dir='ltr'><strong>portus</strong></span> <span class='ocrx_word' id='word_1_282' title='bbox 705 2551 879 2586; x_wconf 89' lang='lat' dir='ltr'><strong>tenuere</strong></span> <span class='ocrx_word' id='word_1_283' title='bbox 903 2544 1069 2599; x_wconf 88' lang='lat' dir='ltr'><strong>petitos.</strong></span> 
     </span>
     <span class='ocr_line' id='line_1_39' title="bbox 2 2597 986 2656; baseline 0.001 -14"><span class='ocrx_word' id='word_1_284' title='bbox 2 2597 14 2611; x_wconf 68' lang='grc'>”</span> <span class='ocrx_word' id='word_1_285' title='bbox 56 2631 63 2650; x_wconf 53' lang='lat'><strong>,⁴</strong></span> <span class='ocrx_word' id='word_1_286' title='bbox 95 2597 277 2643; x_wconf 68' lang='lat' dir='ltr'><strong>interea</strong></span> <span class='ocrx_word' id='word_1_287' title='bbox 353 2599 445 2642; x_wconf 89' lang='lat' dir='ltr'><strong>inos</strong></span> <span class='ocrx_word' id='word_1_288' title='bbox 469 2599 676 2656; x_wconf 69' lang='lat' dir='ltr'><strong>Lelegeia</strong></span> <span class='ocrx_word' id='word_1_289' title='bbox 698 2600 822 2642; x_wconf 89' lang='lat' dir='ltr'><strong>litora</strong></span> <span class='ocrx_word' id='word_1_290' title='bbox 846 2608 986 2643; x_wconf 86' lang='lat' dir='ltr'><strong>vastat</strong></span> 
     </span>
     <span class='ocr_line' id='line_1_40' title="bbox 3 2657 1140 2723; baseline 0.002 -25"><span class='ocrx_word' id='word_1_291' title='bbox 3 2687 19 2702; x_wconf 86' lang='grc'><strong>,</strong></span> <span class='ocrx_word' id='word_1_292' title='bbox 40 2658 55 2706; x_wconf 67' lang='lat' dir='ltr'><strong>g?</strong></span> <span class='ocrx_word' id='word_1_293' title='bbox 115 2663 483 2723; x_wconf 83' lang='lat' dir='ltr'><strong>praetemptatque</strong></span> <span class='ocrx_word' id='word_1_294' title='bbox 507 2657 572 2699; x_wconf 86' lang='lat' dir='ltr'><strong>sui</strong></span> <span class='ocrx_word' id='word_1_295' title='bbox 596 2657 707 2699; x_wconf 91' lang='lat' dir='ltr'><strong>vires</strong></span> <span class='ocrx_word' id='word_1_296' title='bbox 733 2657 942 2700; x_wconf 87' lang='lat' dir='ltr'><strong>Mavortis</strong></span> <span class='ocrx_word' id='word_1_297' title='bbox 966 2658 1009 2699; x_wconf 91' lang='lat' dir='ltr'><strong>in</strong></span> <span class='ocrx_word' id='word_1_298' title='bbox 1033 2658 1140 2701; x_wconf 91' lang='lat' dir='ltr'><strong>urbe</strong></span> 
     </span>
     <span class='ocr_line' id='line_1_41' title="bbox 14 2712 1324 2771; baseline 0.003 -16"><span class='ocrx_word' id='word_1_299' title='bbox 14 2751 15 2754; x_wconf 72' lang='grc'>,</span> <span class='ocrx_word' id='word_1_300' title='bbox 53 2755 57 2759; x_wconf 68' lang='grc'><strong>,</strong></span> <span class='ocrx_word' id='word_1_301' title='bbox 115 2712 335 2763; x_wconf 76' lang='lat' dir='ltr'><strong>Alcathoi,</strong></span> <span class='ocrx_word' id='word_1_302' title='bbox 359 2727 491 2769; x_wconf 85' lang='lat' dir='ltr'><strong>quam</strong></span> <span class='ocrx_word' id='word_1_303' title='bbox 514 2714 646 2756; x_wconf 89' lang='lat' dir='ltr'><strong>Nisus</strong></span> <span class='ocrx_word' id='word_1_304' title='bbox 671 2714 819 2764; x_wconf 87' lang='lat' dir='ltr'><strong>habet,</strong></span> <span class='ocrx_word' id='word_1_305' title='bbox 844 2714 913 2756; x_wconf 88' lang='lat' dir='ltr'><strong>cui</strong></span> <span class='ocrx_word' id='word_1_306' title='bbox 937 2715 1184 2771; x_wconf 89' lang='lat' dir='ltr'><strong>splendidus</strong></span> <span class='ocrx_word' id='word_1_307' title='bbox 1209 2723 1324 2760; x_wconf 90' lang='lat' dir='ltr'><strong>ostro</strong></span> 
     </span>
     <span class='ocr_line' id='line_1_42' title="bbox 2 2767 1128 2828; baseline 0.003 -15"><span class='ocrx_word' id='word_1_308' title='bbox 2 2795 7 2802; x_wconf 92' lang='lat'>·</span> <span class='ocrx_word' id='word_1_309' title='bbox 50 2774 59 2811; x_wconf 72' lang='grc' dir='ltr'>ξ</span> <span class='ocrx_word' id='word_1_310' title='bbox 113 2767 225 2813; x_wconf 82' lang='lat' dir='ltr'><strong>inter</strong></span> <span class='ocrx_word' id='word_1_311' title='bbox 247 2770 476 2814; x_wconf 89' lang='lat' dir='ltr'><strong>honoratos</strong></span> <span class='ocrx_word' id='word_1_312' title='bbox 498 2771 725 2828; x_wconf 86' lang='lat' dir='ltr'><strong>medioque</strong></span> <span class='ocrx_word' id='word_1_313' title='bbox 749 2771 792 2814; x_wconf 91' lang='lat' dir='ltr'><strong>in</strong></span> <span class='ocrx_word' id='word_1_314' title='bbox 817 2772 975 2816; x_wconf 89' lang='lat' dir='ltr'><strong>vertice</strong></span> <span class='ocrx_word' id='word_1_315' title='bbox 999 2787 1128 2816; x_wconf 88' lang='lat' dir='ltr'><strong>canos</strong></span> 
     </span>
    </p>
   </div>
   <div class='ocr_carea' id='block_1_9' title="bbox 88 206 1502 284">
    <p class='ocr_par' dir='ltr' id='par_1_10' title="bbox 88 206 1502 284">
     <span class='ocr_line' id='line_1_43' title="bbox 88 206 1502 284; baseline 0 -8"><span class='ocrx_word' id='word_1_316' title='bbox 88 206 124 284; x_wconf 68' lang='lat'><strong>175³</strong></span> <span class='ocrx_word' id='word_1_317' title='bbox 181 236 678 278; x_wconf 68' lang='lat' dir='ltr'><strong>mfflonrnosnon</strong></span> <span class='ocrx_word' id='word_1_318' title='bbox 699 239 797 276; x_wconf 78' lang='lat' dir='ltr'><strong>nm.</strong></span> <span class='ocrx_word' id='word_1_319' title='bbox 821 240 907 278; x_wconf 83' lang='lat' dir='ltr'><strong>vn.</strong></span> <span class='ocrx_word' id='word_1_320' title='bbox 935 240 1127 278; x_wconf 67' lang='lat' dir='ltr'><strong>vso-864„</strong></span> <span class='ocrx_word' id='word_1_321' title='bbox 1152 241 1258 279; x_wconf 86' lang='lat' dir='ltr'><strong>vm.</strong></span> <span class='ocrx_word' id='word_1_322' title='bbox 1282 241 1385 278; x_wconf 86' lang='lat'><strong>1—9.</strong></span> <span class='ocrx_word' id='word_1_323' title='bbox 1417 231 1502 277; x_wconf 83' lang='lat'><strong>125</strong></span> 
     </span>
    </p>
   </div>
   <div class='ocr_carea' id='block_1_10' title="bbox 1523 393 1592 428">
    <p class='ocr_par' dir='ltr' id='par_1_11' title="bbox 1523 393 1592 428">
     <span class='ocr_line' id='line_1_44' title="bbox 1523 393 1592 428; baseline 0 -1"><span class='ocrx_word' id='word_1_324' title='bbox 1523 393 1592 428; x_wconf 77' lang='lat'><strong>835</strong></span> 
     </span>
    </p>
   </div>
   <div class='ocr_carea' id='block_1_11' title="bbox 1524 680 1594 714">
    <p class='ocr_par' dir='ltr' id='par_1_12' title="bbox 1524 680 1594 714">
     <span class='ocr_line' id='line_1_45' title="bbox 1524 680 1594 714; baseline 0 0"><span class='ocrx_word' id='word_1_325' title='bbox 1524 680 1594 714; x_wconf 79' lang='lat'><strong>840</strong></span> 
     </span>
    </p>
   </div>
   <div class='ocr_carea' id='block_1_12' title="bbox 1525 965 1592 998">
    <p class='ocr_par' dir='ltr' id='par_1_13' title="bbox 1525 965 1592 998">
     <span class='ocr_line' id='line_1_46' title="bbox 1525 965 1592 998; baseline 0 0"><span class='ocrx_word' id='word_1_326' title='bbox 1525 965 1592 998; x_wconf 85' lang='lat'><strong>845</strong></span> 
     </span>
    </p>
   </div>
   <div class='ocr_carea' id='block_1_13' title="bbox 1487 1249 1592 1282">
    <p class='ocr_par' dir='ltr' id='par_1_14' title="bbox 1487 1249 1592 1282">
     <span class='ocr_line' id='line_1_47' title="bbox 1487 1249 1592 1282; baseline 0.038 -4"><span class='ocrx_word' id='word_1_327' title='bbox 1487 1275 1492 1278; x_wconf 94' lang='lat'>.</span> <span class='ocrx_word' id='word_1_328' title='bbox 1523 1249 1592 1282; x_wconf 86' lang='lat'><strong>850</strong></span> 
     </span>
    </p>
   </div>
   <div class='ocr_carea' id='block_1_14' title="bbox 1521 1533 1590 1567">
    <p class='ocr_par' dir='ltr' id='par_1_15' title="bbox 1521 1533 1590 1567">
     <span class='ocr_line' id='line_1_48' title="bbox 1521 1533 1590 1567; baseline 0 0"><span class='ocrx_word' id='word_1_329' title='bbox 1521 1533 1590 1567; x_wconf 83' lang='lat'><strong>855</strong></span> 
     </span>
    </p>
   </div>
   <div class='ocr_carea' id='block_1_15' title="bbox 1522 1818 1592 1852">
    <p class='ocr_par' dir='ltr' id='par_1_16' title="bbox 1522 1818 1592 1852">
     <span class='ocr_line' id='line_1_49' title="bbox 1522 1818 1592 1852; baseline 0.014 -1"><span class='ocrx_word' id='word_1_330' title='bbox 1522 1818 1592 1852; x_wconf 86' lang='grc'><strong>860</strong></span> 
     </span>
    </p>
   </div>
   <div class='ocr_carea' id='block_1_16' title="bbox 1467 2330 1599 2376">
    <p class='ocr_par' dir='ltr' id='par_1_17' title="bbox 1467 2330 1599 2376">
     <span class='ocr_line' id='line_1_50' title="bbox 1467 2330 1599 2376; baseline 0.008 -11"><span class='ocrx_word' id='word_1_331' title='bbox 1467 2330 1599 2376; x_wconf 80' lang='lat' dir='ltr'><strong>Scylla.</strong></span> 
     </span>
    </p>
   </div>
  </div>
 </body>
</html>
