1786 3242
317 235 815 275 METAMORPHOSEON
837 237 936 274 Lm.
962 238 1067 276 x1v.
1094 240 1289 277 aso-467.
1407 208 1513 274 245¹

82 350 94 370 ς
108 317 277 367 lumina
299 317 497 362 viderunt
520 317 690 375 inopem
716 318 938 373 somnique
963 319 1132 376 cibique

82 381 190 437 per
209 375 333 433 iuga,
355 389 434 432 per
455 375 608 426 valles,
631 388 719 430 qua
740 374 830 418 fors
854 375 1057 427 ducebat,
1082 385 1266 420 euntem.
1517 390 1585 422 425

111 432 288 479 ultimus
310 430 478 489 aspexit
499 431 658 474 fessam
680 431 884 487 luctuque
907 432 1063 488 viaque

74 519 76 522 -
111 488 300 547 Thybris
321 495 367 533 ct
387 488 435 532 in
456 488 599 545 gelida
620 495 852 545 ponentem
875 501 1053 545 corpora
1075 490 1180 546 ripa.

82 565 86 570 ·
110 545 200 591 mic
221 559 321 590 cum
342 544 528 589 lacrimis
550 545 646 602 ipso
668 545 888 588 modulata
911 545 1057 589 dolore

72 616 74 621 ·
110 601 244 648 verba
264 616 371 646 sono
393 601 512 646 tenui
534 616 728 645 maerens
751 601 979 653 fundebat,
1003 610 1053 645 ut
1076 603 1177 645 olim

82 663 84 667 “
113 658 302 704 camina
322 658 408 702 iam
431 657 616 702 moriens
640 659 752 701 canit
777 659 1015 714 exequialia
1039 673 1211 715 cycnus.
1518 674 1587 707 430

78 742 81 743 ν
109 715 297 761 luctibus
321 715 520 759 extremis
543 722 693 759 tenues
716 715 947 771 liquefacta
969 716 1177 759 medullas

68 783 70 785 '
90 772 250 819 tabuit
270 772 401 828 inque
423 772 540 816 leves
564 772 770 829 paulatim
793 772 967 815 evanuit
991 788 1130 815 auras.

60 830 75 862 -’
110 829 230 874 fama
251 836 395 872 tamen
419 829 586 886 signata
608 830 702 872 loco
727 836 809 879 est,
835 843 962 884 quem
986 829 1064 872 rite
1091 828 1328 874 Canentem

65 920 67 922 -
113 885 287 931 nomine
311 885 365 930 de
387 886 602 944 nymphae
625 892 788 929 veteres
813 885 958 929 dixere
984 884 1240 930 Camenae.''

71 948 76 979 '1
108 942 213 988 talia
233 942 369 986 multa
391 942 496 986 mihi
518 943 696 1000 longum
719 951 890 985 narrata
913 958 990 1000 per
1013 958 1173 986 annum
1519 957 1585 990 435

68 1054 70 1059 λ
109 1000 287 1056 visaque
310 1007 423 1043 sunt.
481 1000 642 1044 resides
667 1007 708 1044 et
732 999 1014 1044 desuetudine
1038 1000 1148 1042 tardi

109 1071 259 1102 rursus
279 1055 387 1100 inire
410 1055 588 1108 fretum,
612 1071 760 1100 rursus
785 1057 887 1100 dare
912 1058 1008 1100 vela
1030 1057 1240 1100 iubemur.

109 1113 402 1171 ancipitesque
424 1113 516 1156 vias
540 1121 583 1157 et
605 1113 686 1157 iter
708 1114 881 1157 Titania
905 1122 1073 1156 vastum

54 1214 59 1223 τ
109 1170 275 1214 dixerat
298 1178 342 1214 et
363 1170 481 1214 saevi
502 1177 660 1214 restare
683 1171 873 1227 pericula
896 1172 1029 1227 ponti.

61 1260 65 1264 .
107 1226 328 1286 pertimui,
351 1226 508 1270 fateor:
531 1234 770 1283 nactusque
793 1228 875 1270 hoc
898 1227 998 1270 litus
1024 1227 1224 1271 adhaesi?
1518 1244 1589 1274 440

166 1282 360 1328 Finierat
381 1283 624 1327 Macareus.
682 1299 876 1340 urnaque
899 1285 1067 1328 Aeneia
1089 1285 1234 1327 nutrix

109 1340 282 1386 condita
302 1355 541 1385 marmorea
563 1341 729 1384 tumulo
753 1341 884 1384 breve
909 1355 1079 1384 carmen
1103 1341 1307 1385 habebat:

46 1419 48 1421 ¹
109 1397 202 1442 ‘hic
223 1411 294 1441 me
318 1395 514 1441 Caietam
536 1405 663 1441 notae
718 1397 857 1441 ietatis
881 1398 1079 1441 alumnus

47 1460 51 1472 ²
108 1461 299 1512 ereptam
321 1455 548 1511 Argolico,
571 1469 658 1510 quo
712 1455 850 1506 ebuit,
872 1455 974 1512 igne
998 1455 1227 1499 cremavit.'

6 1492 8 1514 ’ἶ
48 1519 50 1521 ’
109 1511 288 1556 solvitur
309 1510 493 1555 herboso
515 1512 720 1555 renovatus
745 1512 800 1554 ab
825 1527 984 1569 aggere
1007 1512 1137 1563 funis,
1517 1527 1585 1559 445

54 1615 55 1618 ,
109 1575 154 1612 et
174 1568 324 1625 procul
347 1567 523 1612 insidias
545 1549 861 1624 infamataeque
884 1569 1131 1624 relinquunt

50 1636 58 1650 '¹
107 1633 223 1693 tecta
246 1625 352 1668 deae
374 1625 580 1681 lucosque
603 1633 773 1682 petunt,
796 1626 872 1668 ubi
895 1626 1069 1669 nubilus
1093 1626 1245 1669 umbra

17 1663 22 1720 j
52 1708 55 1714 »
106 1697 154 1726 m
177 1696 295 1725 mare
319 1696 418 1725 cum
443 1682 555 1725 flava
577 1683 817 1739 prorumpit
840 1682 1028 1739 Thybris
1053 1683 1211 1726 harena
1219 1700 1230 1734 ;

50 1772 53 1777 .
77 1744 81 1745 ⁷
106 1738 472 1796 Faunigenaeque
497 1738 625 1782 domo
648 1739 808 1795 potitur
830 1747 1015 1795 nataque
1039 1739 1199 1790 Latini,

49 1787 52 1831 ᾗ
106 1809 195 1839 non
218 1795 310 1839 sine
332 1795 477 1839 Marte
499 1801 657 1839 tamen.
716 1796 877 1839 bellum
901 1811 1000 1839 eum
1024 1804 1152 1852 gente
1177 1796 1309 1840 feroci
1518 1812 1585 1844 450

108 1852 352 1909 suscipitur,
375 1859 587 1909 pactaque
610 1853 714 1895 furit
736 1867 814 1909 pro
839 1853 1021 1909 coniuge
1045 1853 1231 1896 Turnus.

7 1925 12 1929 ·
43 1945 46 1946 ⁷
108 1909 323 1954 concurrit
344 1908 474 1952 Latio
498 1909 739 1966 Tyrrhenia
761 1917 869 1961 tota,
895 1910 1054 1965 diuque

109 1966 244 2010 ardua
266 1965 456 2009 sollicitis
477 1966 656 2009 victoria
679 1967 897 2022 quaeritur
920 1967 1062 2009 armis.

7 2030 45 2071 ’ἱ
108 2030 240 2080 auget
261 2030 442 2078 uterque
466 2038 566 2066 suas
590 2030 765 2067 externo
788 2024 941 2066 robore
966 2024 1097 2074 vires3

18 2086 41 2140 ⁷:⁷5?
109 2088 153 2124 et
174 2079 298 2123 multi
320 2079 523 2130 Rutulos,
547 2080 670 2123 multi
692 2080 878 2122 Troiana
902 2087 1077 2124 tuentur
1516 2096 1582 2128 455

44 2172 51 2182 ,,
109 2143 260 2180 eastra.
318 2150 459 2192 neque
482 2137 656 2180 Aeneas
679 2136 874 2179 Euandri
897 2137 953 2180 ad
976 2137 1145 2180 moenia
1167 2137 1339 2189 frustra,

25 2197 35 2206 ”
108 2202 154 2238 at
174 2193 371 2237 Venulus
394 2208 596 2250 magnam
620 2194 793 2250 profugi
817 2194 1041 2237 Diomedis
1066 2194 1122 2236 ad
1145 2195 1295 2237 urbem
1388 2195 1583 2239 (D2'0med2'8

10 2275 37 2310 34
107 2257 295 2295 venerat.
353 2250 425 2293 ille
449 2250 623 2306 quidem
648 2251 729 2293 sub
753 2251 917 2307 Iapyge
942 2251 1128 2294 maxima
1152 2251 1312 2294 Dauno
1433 2241 1544 2284 socii.)

106 2306 278 2351 moenia
300 2306 548 2351 condiderat
571 2307 813 2362 dotaliaque
838 2323 940 2350 arva
963 2308 1148 2351 tenebat.

15 2388 28 2412 *f
107 2363 185 2408 sed
207 2363 405 2408 Venulus
430 2363 566 2407 Turni
590 2372 816 2420 postquam
840 2364 1042 2408 mandata
1064 2365 1230 2422 peregit
1513 2380 1582 2413 460

23 2430 46 2465 ·.’
107 2420 398 2477 auxiliumque
421 2421 547 2478 petit,
571 2421 682 2464 vires
706 2421 903 2464 Aetolius
927 2421 1052 2465 heros

12 2493 15 2495 ’
106 2485 302 2528 excusat3
326 2491 407 2521 nec
430 2492 477 2521 se
501 2485 576 2520 aut
600 2478 733 2521 soceri
759 2478 1021 2522 committere
1046 2493 1217 2535 pugnae

105 2534 217 2578 velle
240 2534 306 2577 sui
361 2534 534 2591 opulos,
559 2542 633 2578 aut
656 2549 765 2590 quos
788 2549 811 2578 e
835 2542 963 2591 gente
988 2550 1162 2578 suorum

98 2598 261 2642 armet,
285 2590 341 2634 ha
372 2605 442 2634 ere
466 2591 593 2634 viros.
654 2597 780 2635 ‘neve
805 2591 911 2635 haec
935 2599 1175 2636 commenta
1197 2593 1369 2650 putetis,

23 2663 31 2670 '¹
106 2647 325 2691 admonitu
348 2662 608 2704 quamquam
633 2655 859 2691 renovetur
883 2649 1024 2692 luctus
1048 2665 1231 2701 amarus,
1509 2665 1576 2697 465

136 2704 319 2762 erpetiar
341 2719 578 2748 memorare
601 2713 757 2748 tamen.
817 2714 1045 2762 postquam
1070 2707 1154 2749 alta
1179 2715 1363 2751 cremata
1388 2716 1450 2751 est

144 2760 228 2812 ios,
253 2769 296 2805 et
319 2761 496 2805 Danaas
520 2770 731 2819 paverunt
754 2762 969 2820 Pergama
992 2763 1198 2815 flammas,
