1786 3242
329 233 823 272 METAMORPHOSEON
845 234 943 272 LIB.
968 235 1038 272 XI.
1062 203 1255 274 228-315.
1402 226 1485 271 187

8 333 10 340 ²
52 324 62 363 ᾖ
111 328 186 360 ore
208 314 350 359 ferens
374 313 512 372 Ceyx.
570 315 643 359 illo
667 316 742 371 qui
765 324 955 374 tempore
978 324 1164 361 maestus

55 405 59 426 s
110 371 407 428 dissimilisque
431 371 498 415 sui
520 371 694 415 fratrem
717 373 892 430 lugebat
916 373 1174 431 ademptum.

109 442 196 486 quo
219 436 445 486 postquam
469 428 681 472 Aeacides
705 429 844 472 fessus
868 444 1054 486 curaque
1077 431 1231 486 viaque

42 495 53 502 ’
109 485 228 530 venit
249 491 292 528 et
313 485 487 528 intravit
507 486 655 542 paucis
679 486 978 530 comitantibus
1001 487 1164 537 urbem,
1509 500 1576 533 275

42 550 53 564 ³
108 554 303 599 quosque
324 556 478 600 greges
502 557 724 599 pecorum,
749 557 859 598 quae
883 558 1028 586 secum
1051 551 1243 587 armenta
1266 542 1476 595 trahebat,

7 639 11 650 ,
32 621 35 623 -
109 598 226 642 haud
247 598 398 657 procul
421 614 447 642 a
469 599 602 642 muris
626 599 707 642 sub
731 614 756 642 o
788 615 865 642 aca
889 600 998 643 valle
1021 600 1203 656 reliquit,

8 672 11 678 ·’
50 684 54 686 -
109 669 161 700 oo
190 655 233 699 ia
255 669 354 699 cum
376 655 492 700 facta
515 663 579 699 est
602 656 743 699 adeun
775 656 789 698 i
812 657 950 713 prima
960 657 1155 722 tyranni,

108 726 138 756 v
178 720 348 756 amenta
370 727 502 755 manu
525 712 806 770 praetendens
831 713 1042 769 supphce,
1065 714 1140 768 qui
1164 714 1231 764 sit,

107 782 281 826 quoque
304 776 438 820 satus,
462 777 710 812 memorant.
769 776 935 812 tantum
959 784 1038 812 sua
1061 770 1238 813 crimina
1261 771 1370 814 celat
1508 783 1578 817 280

108 825 394 882 mentiturque
417 825 548 882 fugae
573 840 745 868 causam
753 842 764 876 3
789 825 913 882 petit,
938 827 1044 869 urbe
1068 827 1137 870 vel
1161 842 1265 883 agro

107 897 155 926 se
177 882 307 926 iuvet.
366 881 481 925 hunc
504 889 650 925 contra
673 882 841 949 placido
865 882 1118 926 Trachinius
1143 898 1215 927 ore

106 938 264 982 talibus
288 939 533 995 alloquitur:
560 939 744 982 ‘medlae
768 953 939 995 quoque
963 940 1187 983 commoda
1210 940 1324 997 plebi

105 1003 252 1039 nostra
273 1002 439 1053 patent,
462 995 617 1045 Peleu,
642 1010 722 1039 nec
744 995 958 1053 inhospita
980 1011 1114 1053 regna
1137 1004 1344 1040 tenemus.

105 1050 238 1096 adicis
262 1052 362 1096 huic
386 1052 527 1096 animo
550 1060 766 1096 momenta
789 1053 998 1110 potentia,
1022 1054 1184 1096 clarum
1508 1066 1575 1099 285

105 1123 262 1153 nomen
284 1123 499 1165 avumque
522 1109 683 1152 Iovem.
743 1125 797 1153 ne
821 1117 906 1153 tem
939 1124 1013 1152 ora
1035 1110 1166 1167 perde
1189 1109 1423 1167 precando:

103 1165 222 1222 quod
245 1166 375 1223 petis,
399 1180 524 1209 omne
547 1166 672 1209 feres.
731 1174 890 1222 tuaque
946 1182 1020 1210 aec
1044 1182 1120 1223 pro
1145 1174 1264 1223 parte
1288 1174 1454 1218 vocam,

105 1223 434 1280 qualiacumque
457 1222 590 1266 vides.
650 1223 813 1266 utinam
838 1224 1012 1267 meliora
1036 1223 1241 1267 videresl'

103 1287 150 1324 et
170 1279 314 1324 fiebat.
372 1289 541 1323 moveat
564 1287 704 1323 tantos
728 1294 838 1335 quae
863 1295 993 1323 causa
1016 1281 1196 1331 dolores,

105 1335 348 1393 Peleusque
372 1336 632 1393 comitesque
655 1345 821 1394 rogant.
880 1337 1036 1393 quibus
1059 1337 1130 1380 ille
1154 1337 1366 1394 profatur:
1507 1350 1576 1383 290

103 1393 302 1437 ‘forsitan
325 1392 436 1437 hanc
458 1393 688 1444 volucrem,
713 1402 834 1450 rapto
859 1408 970 1449 quae
993 1394 1097 1436 vivit
1122 1402 1164 1437 et
1187 1408 1334 1437 omnes
1418 1393 1577 1447 (szeda-

103 1456 234 1494 terret
257 1465 377 1502 aves,
403 1465 570 1507 semper
591 1465 754 1507 pennas
778 1450 979 1494 habuisse
1003 1451 1186 1507 putetis?
1448 1440 1547 1482 ἢθη)

105 1506 172 1550 vir
193 1506 288 1550 fuit.
347 1514 391 1551 et
413 1506 552 1562 (tanta
576 1515 640 1551 est
664 1508 794 1550 animi
818 1508 1073 1563 constantia)
1097 1508 1181 1550 iam
1206 1515 1299 1550 tum

103 1578 205 1608 acer
227 1571 316 1608 erat
340 1563 538 1620 belloque
561 1564 682 1607 ferox
707 1565 761 1607 ad
785 1564 957 1620 vimque
981 1572 1167 1621 paratus,

103 1620 276 1664 nomine
299 1620 540 1664 Daedalion
547 1637 559 1672 3
583 1621 656 1664 illo
680 1621 871 1677 genitore
895 1629 1076 1672 creatus,
1509 1634 1577 1667 295

103 1678 182 1734 qui
204 1686 330 1721 vocat
353 1678 568 1721 Auroram
593 1678 796 1733 caeloque
819 1677 1075 1721 novissimus
1100 1678 1200 1721 exit.

105 1735 222 1779 culta
243 1734 348 1777 mihi
371 1749 456 1791 pax
480 1742 563 1785 est,
587 1734 705 1791 pacis
731 1734 833 1776 mihi
857 1749 960 1777 cura
983 1735 1191 1778 tenendae

104 1791 377 1850 coniugiique
400 1791 500 1834 fuitx
524 1791 644 1834 fratri
667 1791 759 1834 fera
783 1791 895 1834 bella
917 1791 1155 1847 placebant.

104 1848 218 1892 illius
240 1848 374 1891 virtus
398 1862 522 1916 reges
544 1855 779 1914 gentesque
803 1848 985 1904 subegit,

23 1911 34 1934 ‘·
103 1920 216 1962 quae
239 1920 354 1949 nunc
376 1904 613 1948 Thlsbaeas
638 1912 771 1962 agitat
794 1912 957 1947 mutata
980 1905 1211 1948 columbas.
1510 1918 1579 1951 800

104 1970 206 2006 nata
229 1969 319 2006 erat
341 1961 441 2005 huic
466 1960 644 2005 Chione.
705 1976 815 2017 quae
840 1961 1103 2004 dotatissima
1127 1962 1265 2005 forma

28 2012 38 2064 ἶῖ
105 2019 221 2064 mille
244 2033 396 2077 procos
418 2018 588 2070 habuit,
613 2019 679 2062 bis
704 2034 749 2062 se
781 2026 866 2062 tem
890 2019 1048 2061 nubilis
1073 2019 1206 2062 annis.

106 2076 216 2120 forte
240 2083 501 2120 revertentes
523 2075 727 2119 Phoebus
805 2075 956 2130 aiaque
981 2083 1161 2126 creatus,

105 2133 177 2177 ille
200 2133 288 2176 suis
314 2132 515 2190 Delphis,
539 2132 609 2176 hie
633 2132 790 2176 vertice
815 2131 1036 2189 Cylleneo‚

31 2198 42 2210 ⁶
106 2190 251 2234 videre
273 2189 385 2232 hanc
407 2189 579 2246 pariter,
602 2190 760 2247 pariter
783 2197 949 2232 traxere
974 2190 1170 2233 calorem.
1511 2202 1578 2235 805

24 2252 30 2257 ‘
106 2262 227 2304 spem
250 2246 432 2291 Veneris
457 2246 599 2289 differt
621 2246 666 2289 in
689 2253 881 2303 tempora
903 2246 1038 2288 noctis
1062 2247 1241 2303 Apollo:

105 2318 193 2347 non
216 2303 300 2347 fert
322 2303 393 2347 ille
416 2318 576 2354 moras,
601 2303 807 2360 virgaque
830 2311 1028 2346 movente
1052 2317 1249 2369 soporem

109 2361 284 2418 virginis
308 2374 356 2403 os
379 2360 529 2417 tangit.
588 2367 705 2403 tactu
727 2360 837 2402 iacet
859 2360 933 2402 illa
956 2367 1117 2416 potenti

107 2418 281 2473 vimque
304 2417 373 2460 dei
397 2417 568 2474 patitur.
627 2431 714 2459 nox
738 2417 902 2459 caelum
928 2423 1139 2473 sparserat
1163 2416 1305 2458 astris:

107 2473 312 2518 Phoebus
336 2489 467 2517 anum
490 2473 662 2517 simulat
685 2481 994 2540 praereptaque
1017 2473 1176 2529 gaudia
1199 2474 1341 2516 sumit.
1511 2486 1580 2520 810

107 2539 156 2574 ut
178 2546 258 2574 sua
279 2538 472 2574 maturus
496 2531 723 2586 complevit
746 2538 937 2586 tempora
959 2538 1120 2581 venter,
1355 2531 1360 2534 ’

107 2587 286 2645 alipedis
310 2587 364 2631 de
388 2587 517 2644 stirpe
542 2587 612 2630 dei
635 2595 806 2653 versuta
830 2601 1020 2653 propago

30 2669 34 2697 2
92 2645 296 2688 'nascitur
318 2644 578 2701 Autolycus,
603 2643 764 2686 furtum
789 2658 1034 2700 ingeniosus
1059 2643 1113 2685 ad
1138 2658 1277 2694 omne,

108 2701 182 2756 qui
205 2701 347 2745 facere
373 2709 582 2751 assuerat,
607 2700 769 2758 patriae
794 2715 879 2742 non
905 2700 1091 2757 degener
1114 2700 1229 2751 artis,

0 2793 1 2803 ,
108 2758 291 2802 candida
314 2758 368 2803 de
391 2757 523 2816 nigris
549 2766 590 2801 et
615 2758 667 2802 de
691 2757 967 2801 candentibus
993 2766 1103 2799 atra:
1513 2769 1582 2802 315
