1786 3242
313 250 807 290 METAMORPHOSEON
828 251 926 288 LIB.
951 251 1000 289 X.
1027 251 1221 288 355—442.
1376 241 1459 285 173

20 388 21 391 ¹
58 338 62 394 J
82 336 148 381 ira
168 333 298 378 deum
321 333 412 377 sive
434 341 517 383 est,
542 333 672 377 sacris
698 333 915 389 placabilis
939 333 1014 376 ira.

20 415 21 418 ¹
45 390 188 451 1¹''quid
209 405 305 435 rear
326 390 530 434 ulterius?
565 397 678 433 certe
701 389 872 433 fortuna
895 390 1131 445 domusque
1481 403 1551 435 400

65 461 231 505 {sospes
255 453 296 491 et
318 446 364 490 in
388 461 518 490 cursu
541 454 623 489 est:
648 446 753 488 vivit
775 446 1055 512 genetrixque
1080 445 1326 503 paterque.’'

19 530 22 535 ·
60 546 63 548 .
83 503 284 562 Myrrha,
305 510 427 561 patre
450 503 616 552 audito,
640 502 822 559 suspina
845 503 968 546 duxit
992 502 1047 545 ab
1070 503 1155 545 imo

61 567 267 621 {pectore-
325 574 405 604 nec
426 559 573 602 nutrix
595 559 828 602 etiamnum
852 559 1036 616 concipit
1058 559 1194 602 ullum

19 622 30 662 ξ’
82 623 225 662 mente
250 615 391 668 nefas;
415 615 686 671 aliquemque
710 622 852 658 tamen
875 615 1106 672 praesentit
1129 629 1330 658 amorem.

83 673 372 742 propositique
395 679 542 723 tenax,
567 672 866 728 quodcumque
891 681 974 722 est,
999 680 1110 723 orat,
1134 680 1182 714 ut
1205 671 1287 728 ipsi
1482 687 1550 720 405

55 758 63 787 5
83 729 262 781 indicet,
285 736 328 773 et
349 729 512 786 gremio
535 728 827 771 lacrimantem
851 728 959 770 tollit
982 728 1096 779 anili,

13 789 30 838 ’ξ
46 803 57 842 -J
83 793 213 844 atque
235 785 296 830 ita
318 785 604 852 complectens
626 784 804 826 infirmis
828 784 1021 827 membra
1043 785 1212 828 lacertis

12 863 17 899 ';
39 856 60 883 ·.
84 841 383 887 “sensimus:”
406 841 545 897 inquit
567 845 595 865 “
603 856 735 884 amas.
795 848 837 883 et
860 841 904 883 in
928 840 1009 884 hoc
1033 856 1142 892 mea,
1166 855 1275 898 pone
1300 842 1509 886 timorem.

12 899 49 962 nst(
84 899 288 945 sedulitas
312 898 391 942 erit
414 906 515 955 apta
538 897 635 947 tibi,
659 911 739 940 nec
763 897 915 940 sentiet
938 911 1128 952 unquam

10 949 61 1010 037
84 957 166 1001 hoc
187 955 349 1014 pater.”
409 954 556 998 exiluit
579 954 742 1011 gremio
766 954 1010 1005 furibunda,
1035 962 1260 1009 torumque
1482 968 1550 1001 410

14 1011 50 1033 ³*
82 1027 158 1058 ore
179 1027 377 1070 premens
401 1011 625 1062 “diseede,
648 1025 811 1067 precor,
836 1011 1075 1066 miseroque
1100 1011 1254 1085 pudori

84 1069 246 1128 puce’'
270 1068 342 1112 ait.
399 1067 573 1111 instanti
597 1068 823 1118 “discede,
849 1075 922 1110 aut
947 1068 1092 1111 desine
1114 1067 1124 1085 ⁹
1150 1067 1256 1109 dixit

16 1122 51 1154 'v
84 1130 321 1183 “quaerere
329 1157 342 1177 ‚
365 1124 470 1181 quid
493 1124 672 1168 doleam.
733 1124 870 1167 scelus
894 1132 984 1190 est&
997 1124 1112 1180 quod
1136 1124 1242 1167 scire
1267 1124 1477 1167 laboras.’'

16 1195 47 1227 7ae
83 1183 228 1227 horret
250 1197 376 1234 anus,
400 1182 687 1237 tremulasque
710 1196 863 1223 manus
887 1195 1092 1236 annlsque
1115 1188 1316 1235 metuque

83 1239 220 1285 tendit
242 1246 286 1283 et
307 1246 406 1282 ante
429 1238 559 1306 pedes
584 1238 764 1294 supplex
788 1238 1028 1294 procumbit
1052 1238 1263 1289 alumnae,
1483 1250 1551 1283 415

7 1291 45 1327 .}'·
83 1303 128 1341 et
149 1295 277 1340 modo
300 1295 529 1346 blanditur,
553 1295 694 1346 modo,
719 1295 754 1337 si
778 1309 864 1337 non
887 1295 1056 1337 conscia
1079 1294 1167 1345 fiat,

20 1347 45 1410 a

83 1360 232 1404 terret,
257 1359 301 1397 et
321 1352 526 1396 indicium
548 1351 692 1407 laquei
715 1358 973 1408 coeptaeque
996 1351 1182 1394 minatur

23 1411 42 1463 “J
80 1409 252 1461 mortis,
276 1416 319 1453 et
341 1409 532 1452 officium
556 1408 781 1452 commisso
806 1408 985 1464 spondet
1009 1408 1156 1450 amori.

20 1555 42 1579 a>

17 1580 42 1647 ἓξ

18 1867 44 1890 1³⁵⁷

84 1466 237 1510 extulit
257 1466 332 1509 illa
354 1472 485 1522 caput
506 1465 776 1520 lacrimisque
799 1465 990 1521 implevit
1014 1465 1173 1507 obortis

84 1530 257 1581 pectora
278 1523 455 1566 nutricis
462 1538 475 1573 ;
505 1530 743 1577 conataque
768 1537 893 1578 saepe
918 1522 1055 1572 fateri,
1486 1534 1554 1567 420

85 1595 215 1647 saepe
238 1586 354 1624 tenet
376 1593 525 1622 vocem
549 1578 887 1635 pudibundaque
912 1578 1102 1622 vestibus
1127 1592 1202 1620 ora
1542 1588 1548 1590 ’

83 1643 191 1681 tent
214 1643 257 1680 et
279 1636 373 1679 “o”
398 1636 505 1679 dixit
526 1635 730 1679 “felicem
754 1636 934 1691 coniuge
958 1634 1191 1678 matrem1’'

85 1693 313 1743 hactenus,
338 1700 382 1736 et
403 1692 579 1760 gemuit.
637 1692 802 1749 gelidos
825 1692 1001 1735 nutricis
1025 1691 1070 1734 in
1094 1699 1210 1734 artus

84 1764 268 1806 ossaque
290 1748 443 1804 (senslt
465 1749 598 1804 enim)
621 1755 815 1805 penetrat
838 1755 1007 1799 tremor,
1032 1748 1213 1803 albaque
1237 1755 1325 1791 toto

86 1806 245 1851 vertice
269 1805 444 1850 canities
467 1805 615 1863 rigidis
640 1805 755 1848 stetit
777 1804 888 1848 hirta
912 1805 1088 1862 capillis.
1487 1817 1555 1850 425

86 1863 327 1919 multaque,
350 1870 399 1914 ut
422 1870 639 1906 excuteret
663 1862 796 1912 diros,
821 1862 856 1904 si
880 1869 1041 1918 posset,
1067 1876 1245 1912 amores,

87 1920 263 1964 addidit.
321 1927 366 1964 at
389 1919 510 1976 virgo
535 1919 615 1962 scit
637 1934 683 1962 se
706 1933 793 1961 non
816 1918 925 1961 falsa
947 1918 1131 1969 moneri3

26 2007 31 2021 ³
88 1984 206 2022 certa
226 1977 335 2020 mori
356 1983 501 2020 tamen
524 1983 607 2027 est,
631 1976 669 2019 si
691 1990 777 2019 non
796 1975 988 2051 potiatur
1011 1990 1168 2018 amore.

15 2089 18 2090 ⁷
87 2033 260 2084 “vive,'’
285 2033 345 2077 ait
366 2033 472 2076 haec
495 2033 689 2090 “potiere
713 2040 788 2075 tuo
844 2056 903 2063 —
925 2047 1012 2075 non
1035 2048 1140 2075 ausa
1163 2031 1405 2089 “parente’'

87 2090 250 2142 dicere,
275 2090 486 2157 conticuit·
498 2090 792 2147 promissaque
815 2089 988 2132 numine
1011 2089 1166 2132 firmat.
1488 2101 1557 2134 430

89 2147 200 2192 festa
221 2147 318 2204 piae
342 2145 510 2190 Cereris
534 2146 806 2190 celebrabant
829 2161 972 2189 annua
994 2153 1150 2189 matres

19 2208 34 2242 θ
86 2205 181 2255 illa,
203 2203 360 2260 quibus
381 2204 508 2247 nivea
530 2204 694 2247 velatae
719 2217 896 2259 corpora
918 2210 1035 2246 veste

7 2640 42 2844 ‘Assfflzffl334
17 2614 24 2627 ⁴-
22 2593 23 2597 „
11 2531 26 2578 *⁶ss-

0 2878 39 3242 ffiWffl-awa-r>
10 2853 25 2862 t

89 2260 297 2319 primitias
319 2260 495 2318 frugum
519 2261 622 2303 dant
645 2260 788 2316 spicea
810 2267 923 2303 serta
947 2274 1134 2310 suarum,

89 2332 252 2386 perque
273 2331 427 2361 novem
450 2325 596 2361 noctes
620 2317 835 2361 Venerem
858 2323 1080 2372 tactusque
1104 2315 1292 2359 virorum

90 2390 138 2418 m
160 2374 301 2418 vetitis
323 2381 562 2418 numerant.
620 2373 746 2416 turba
770 2371 1002 2417 Cenchreis
1026 2373 1070 2415 in
1092 2373 1178 2422 illa,
1491 2384 1558 2418 435

90 2431 205 2489 regis
228 2431 350 2474 adest
371 2431 575 2481 coniunx,
601 2444 840 2485 arcanaque
865 2444 984 2472 sacra
1007 2429 1262 2485 frequentat.

91 2502 195 2546 ergo
218 2488 410 2545 legitima
431 2502 593 2531 vacuus
618 2487 721 2529 dum
745 2487 926 2543 coniuge
950 2487 1098 2537 lectus,

90 2551 218 2609 nacta
239 2559 415 2602 gravem
439 2544 538 2587 vino
563 2543 770 2600 Cinyram
792 2544 903 2587 male
927 2543 1075 2586 sedula
1097 2542 1254 2594 nutrix,

89 2601 261 2645 nomine
284 2600 476 2651 mentit0‚
500 2615 623 2644 veros
648 2600 820 2657 exponit
843 2614 1008 2643 amores

90 2665 136 2701 et
157 2658 311 2702 faciem
332 2657 494 2701 laudat.
553 2657 754 2713 quaesitis
778 2657 954 2714 virginis
978 2656 1099 2699 annis
1491 2668 1560 2701 440

91 2714 237 2772 “par’'
261 2715 322 2758 ait
345 2714 509 2758 “estM
581 2714 702 2757 hae-'⁹
739 2728 868 2770 quam
886 2721 1110 2771 postquam
1123 2713 1334 2756 adducere
1353 2711 1470 2756 iussa
1482 2720 1559 2764 est,

90 2778 223 2829 utque
247 2771 421 2816 domum
443 2787 490 2816 re
519 2772 581 2823 iit,
606 2771 779 2829 “gaude
787 2802 799 2822 ,
824 2771 949 2814 mea'’
975 2771 1082 2814 dixit
1106 2771 1331 2814 “alumnaz
