1786 3242
27 1237 34 1246 f
19 1181 28 1189 '¹
9 887 49 1172 22‡3·v⁴Q*ffi3223272'''›
23 848 47 874 ’,ἰ
28 782 51 794 3<
20 740 45 770 '.'-
19 698 51 728 ³:-
15 610 48 674 sss
26 537 30 558 -,
38 519 39 522 „
27 498 48 507 '⁴
26 471 47 486 ¹„

26 1250 33 1252 ⁷
100 1255 195 1285 esse
216 1254 375 1296 negare
399 1239 536 1282 deam.
595 1252 673 1304 pro
698 1252 784 1293 quo
809 1252 887 1279 sua
909 1236 1095 1278 numinls
1119 1235 1183 1278 ira

322 247 816 286 METAMORPHOSEON
839 247 937 283 LIB.
962 246 1012 283 X.
1038 246 1232 283 179—266.
1387 236 1469 279 169

40 335 61 364 ἷ’
94 334 215 380 from
237 338 347 383 erat3
370 331 484 375 unde
508 330 637 374 etiam
660 345 815 372 nomen
838 337 1004 372 traxere
1029 326 1247 371 Cerastae.

51 415 55 420 -
97 396 196 435 ante
216 388 331 432 fores
353 387 506 431 horum
531 388 672 430 stabat
693 387 809 429 Iovis
833 385 1027 442 Hospitis
1051 400 1138 435 ara,

96 446 114 492 l
202 445 291 489 bris
314 445 483 488 sceleris
490 460 502 495 ;
526 459 656 500 quam
679 443 716 485 si
739 443 834 498 quis
859 442 1066 509 sanguine
1089 441 1266 484 tinctam
1496 452 1564 485 225

153 517 264 547 vena
285 501 479 552 vidisset,
502 507 710 543 mactatos
733 500 923 542 crederet
944 499 1031 541 1llic

96 561 302 604 laetantes
324 557 481 600 vitulos
505 556 920 611 Amathusiacasque
944 555 1156 598 bidentes:

58 630 59 633 ’
97 616 252 685 hospes
275 621 366 658 erat
389 628 552 657 caesus.
611 613 742 655 sacris
766 612 930 656 offensa
951 612 1147 655 nefandis

97 689 115 717 ι
196 686 315 716 suas
337 671 467 714 urbes
491 668 791 726 Ophiusiaque
814 684 916 711 arva
970 668 1119 710 arabat

316 728 429 771 alma
451 727 614 771 Venus.
674 725 784 768 “sed
808 726 912 780 quid
951 740 1029 767 oca
1050 731 1192 791 grata,
1217 723 1320 780 quid
1343 723 1471 766 urbes
1498 735 1568 768 230

98 799 331 845 peccavere
352 784 500 828 meae?
535 782 682 838 quod”
708 782 815 824 dixit
839 782 1033 824 “crimen
1056 797 1101 824 m
1123 781 1232 824 illis?

100 842 226 888 exilio
247 856 430 899 poenam
453 840 594 907 potius
617 854 724 896 gens
748 838 879 895 impia
901 838 1061 895 pendat

98 899 169 944 vel
190 913 316 950 nece,
338 898 408 942 vel
431 913 468 940 s1
491 897 595 953 quid
617 896 806 939 medium
829 895 1060 950 mortisque
1084 894 1312 950 fugaeque.

98 956 229 1014 idque
252 954 356 1011 quid
379 969 473 998 esse
496 961 656 1011 potest,
679 953 761 995 nisi
785 967 933 995 versae
956 966 1095 1008 poena
1116 951 1338 1007 figurae?''

100 1013 204 1057 dum
227 1012 412 1062 dubitat,
437 1025 522 1078 qtgo
545 1017 683 1053 mutet
705 1024 798 1059 eos,
823 1009 878 1052 ad
902 1023 1061 1051 cornua
1083 1008 1251 1050 vultum
1499 1022 1567 1054 235

98 1069 236 1120 flexit,
259 1076 303 1112 et
325 1069 542 1111 admomta
565 1075 648 1118 est,
671 1067 778 1109 haec
801 1066 884 1108 illis
907 1080 1032 1122 posse
1055 1064 1254 1120 relinqui:

99 1126 364 1184 grandiaque
386 1125 430 1168 in
454 1132 596 1168 torvos
621 1124 894 1166 transformat
917 1122 1108 1165 membra
1130 1122 1347 1164 iuvencos.

156 1181 272 1228 Sunt
293 1189 436 1225 tamen
461 1182 671 1224 obscenae
695 1181 910 1224 Venerem
931 1179 1212 1245 Propoetides
1236 1193 1365 1222 ausae
1409 1178 1483 1257 Ρῖζο
1531 1189 1567 1213 e-

100 1310 278 1354 corpora
301 1310 400 1338 cum
422 1295 561 1338 forma
583 1309 746 1351 prlmae
769 1295 968 1350 vulgasse
992 1293 1205 1336 feruntur:
1500 1305 1571 1337 240

21 1387 33 1399 „
99 1361 232 1421 ptque
286 1353 395 1395 udor
418 1352 564 1402 cessit,
589 1351 849 1418 sanguisque
872 1350 1063 1392 induruit
1087 1349 1186 1400 oris,

35 1523 37 1525 ’
99 1523 285 1574 viderat,
308 1522 496 1566 offensus
520 1522 653 1573 vltiis,
677 1536 788 1576 quae
811 1521 994 1577 plurima
1017 1520 1149 1562 menti

99 1425 145 1454 m
166 1409 248 1467 rigi
278 1423 508 1476 um·parvo
532 1408 693 1451 silicem
717 1408 958 1450 discrimine
981 1421 1142 1449 versae.

158 1465 281 1522 Quas
299 1480 401 1521 qula
416 1465 676 1531 Pygmalion
695 1479 848 1507 aevum
871 1479 948 1520 per
966 1463 1142 1505 crimina
1160 1470 1335 1519 agentes
1415 1462 1569 1541 Ρῖἕέα·

22 1610 25 1613 «
99 1580 309 1624 femineae
331 1586 485 1622 natura
507 1578 642 1629 dedit,
667 1578 757 1621 sine
781 1577 963 1634 coniuge
987 1576 1155 1620 caelebs
1501 1588 1571 1621 245

99 1636 273 1680 vivebat
296 1635 556 1691 thalamique
580 1635 654 1677 diu
679 1642 871 1678 consorte
896 1633 1080 1677 carebat.

18 1704 37 1734 ⁴:-
98 1694 262 1739 interea
283 1693 456 1736 niveum
479 1692 588 1734 mira
610 1691 790 1734 feliciter
813 1698 903 1734 arte

101 1750 278 1807 sculpsit
301 1749 408 1793 ebur
429 1749 696 1803 formamque
721 1748 855 1798 dedit,
880 1762 967 1803 qua
990 1746 1150 1790 femina
1173 1747 1292 1789 nasci

99 1807 218 1874 nnlla
239 1813 398 1874 potest,
422 1805 647 1862 operisque
672 1805 738 1847 sui
762 1804 956 1860 concepit
980 1818 1180 1846 amorem.

23 1884 25 1888 ·
98 1878 276 1921 vxrglms
299 1870 364 1907 est
387 1877 513 1905 verae
535 1862 687 1912 facies,
710 1875 841 1916 quam
864 1861 1006 1904 vivere
1031 1860 1179 1903 credas
1503 1873 1576 1905 250

100 1927 161 1972 et,
185 1920 220 1963 si
243 1933 331 1963 non
354 1918 494 1962 obstet
516 1918 773 1968 reverentia,
797 1918 906 1960 velle
929 1916 1105 1960 moveri.

101 1992 170 2021 ars
193 1977 301 2020 adeo
323 1976 428 2020 latet
450 1983 539 2019 arte
565 1991 655 2018 sua.
713 1975 892 2017 miratur
916 1981 958 2016 et
981 1973 1123 2015 haurit

99 2041 270 2092 pectore
291 2032 551 2090 Pygmalion
566 2031 761 2075 simulati
785 2031 972 2087 corporis
995 2030 1131 2087 ignes.

100 2105 228 2148 saepe
250 2105 404 2133 manus
429 2104 454 2132 o
485 2089 546 2133 eri
570 2096 825 2145 temptantes
850 2088 1068 2136 admovet,
1093 2102 1148 2129 an
1173 2087 1227 2129 sit

99 2161 274 2205 corpus,
298 2162 354 2189 an
375 2146 451 2189 illu
505 2146 629 2189 ebur:
653 2160 734 2188 nec
757 2145 898 2187 adhuc
922 2144 1028 2188 ebur
1051 2158 1143 2186 esse
1167 2143 1336 2186 fatetur.
1505 2155 1575 2188 255

100 2204 248 2247 oscula
270 2203 344 2246 dat
367 2203 573 2258 reddique
597 2210 720 2259 putat
743 2201 1015 2257 loquiturque
1038 2207 1253 2256 tenetque,

100 2267 144 2304 et
167 2260 301 2304 credit
324 2259 448 2303 tactis
473 2259 628 2316 digitos
651 2258 836 2302 insidere
860 2257 1062 2301 membris

100 2324 144 2362 et
165 2317 336 2368 metuit,
360 2330 527 2373 pressos
550 2316 692 2359 veniat
715 2331 770 2358 ne
793 2315 902 2358 livor
924 2315 970 2356 in
993 2321 1123 2356 artus.

101 2380 145 2417 et
165 2373 294 2416 modo
317 2373 543 2417 blanditias
569 2373 762 2422 adhibet,
786 2371 915 2414 modo
939 2378 1061 2427 grata
1084 2369 1237 2426 puellis

100 2445 280 2474 munera
302 2430 385 2473 fert
407 2430 487 2480 illi,
513 2430 695 2472 conchas
719 2436 958 2483 teretesque
982 2427 1148 2483 lapillos
1505 2439 1577 2471 260

101 2493 145 2530 et
166 2501 320 2544 parvas
342 2487 537 2530 volucres
561 2494 604 2529 et
626 2486 752 2529 flores
775 2485 891 2527 mille
916 2484 1106 2528 colorum
1549 2502 1551 2504 ·

99 2543 274 2599 liliaque
296 2543 518 2600 pictasque
541 2542 650 2599 pilas
675 2550 717 2586 et
741 2542 796 2585 ab
820 2541 971 2584 arbore
993 2541 1135 2597 lapsas

99 2600 335 2644 Heliadum
357 2600 567 2643 lacrimas.
626 2607 749 2641 ornat
772 2612 944 2654 quoque
968 2597 1158 2640 vestibus
1182 2603 1313 2647 artus,

101 2656 178 2700 dat
200 2656 344 2714 digitis
399 2671 578 2706 emmas,
603 2656 676 2698 dat
698 2657 827 2712 longa
850 2654 1024 2697 monilia
1047 2654 1168 2696 collo.

101 2728 205 2757 aure
227 2713 344 2757 leves
399 2728 514 2764 acae,
538 2712 787 2755 redimicula
809 2719 980 2769 pectore
1003 2710 1204 2767 pendent.
1504 2722 1576 2756 26⁵

101 2770 444 2815 cunctadecent.
502 2784 582 2813 nec
605 2769 721 2813 nuda
745 2769 886 2812 minus
910 2768 1096 2812 formosa
1118 2767 1300 2811 videtur.
