1786 3242
336 259 418 304 156
761 267 803 302 P.
830 266 994 303 ov1D11
1018 265 1234 302 NASONIS

332 349 420 392 filia
442 347 666 391 Maeandri
690 347 841 390 totiens
866 346 1078 389 redeuntis
1103 346 1265 395 eodem,

336 405 504 461 cognita
528 403 715 459 Cyanee,
738 403 994 458 praestantia
1019 416 1193 458 corpora
1216 402 1365 453 forma,

333 461 519 517 Byblida
542 474 638 502 oum
664 458 829 509 Cauno,
853 459 1014 514 prolem
1038 466 1100 500 est
1124 458 1248 500 enixa
1271 458 1512 514 gemellam.‘
1563 468 1696 515 Byblis.

334 516 483 572 Byblis
506 516 550 558 in
575 516 767 571 exemplo
792 523 875 564 est,
899 523 947 556 ut
970 521 1111 556 ament
1136 528 1334 556 concessa
1357 514 1542 571 puellae:

243 587 311 619 455
336 573 486 628 Byblis
511 572 724 628 Apollinei
748 579 940 627 correpta
963 570 1158 626 cupidine
1183 570 1323 612 fratris

334 643 418 671 non
443 643 560 671 soror
583 635 630 670 ut
652 628 844 678 fratrem,
869 642 948 669 nec
972 642 1056 682 qua
1081 626 1281 676 debebat,
1306 626 1474 670 amavit.

333 685 406 727 illa
430 685 599 740 quidem
623 684 757 740 primo
781 684 918 726 nullos
942 683 1146 738 intellegit
1169 683 1302 738 ignes,

334 755 413 784 nec
436 755 611 797 peccare
635 747 773 796 putat,
799 740 913 794 quod
938 739 1104 795 saepius
1129 739 1271 781 oscula
1294 739 1455 795 iungat,

336 798 451 852 quod
473 812 550 839 sua
573 797 758 838 fraterno
783 796 1012 838 circumdet
1035 795 1233 837 bracchia
1257 795 1382 846 001103

245 866 314 899 460
337 854 614 908 mendacique
639 853 711 895 diu
736 853 902 908 pietatis
926 852 1085 893 fallitur
1108 852 1271 893 umbra.

337 910 541 966 paulatim
566 909 747 951 declinat
771 923 901 959 amor,
925 909 1149 962 visuraque
1173 908 1345 950 fratrem

336 966 450 1008 culta
472 966 585 1007 venit
608 965 868 1019 nimiumque
893 965 1007 1020 cupit
1031 965 1215 1006 formosa
1237 964 1388 1007 videri:

337 1029 379 1065 et
402 1022 437 1064 si
461 1036 546 1076 qua
570 1029 632 1064 est
655 1022 739 1063 illic
763 1021 996 1071 formosior,
1021 1021 1180 1062 invidet
1203 1021 1276 1062 illi.

337 1077 412 1120 sed
434 1078 622 1120 nondum
646 1078 869 1119 manifesta
893 1078 972 1118 sibi
997 1085 1059 1119 est
1081 1077 1328 1132 nullumque
1352 1077 1432 1119 sub
1455 1077 1526 1120 illo

245 1147 312 1180 465
336 1134 436 1190 igne
459 1134 561 1175 facit
584 1141 748 1175 votum:
774 1142 1063 1176 verumtamen
1087 1141 1251 1175 aestuat
1273 1134 1400 1175 intus.

336 1191 421 1232 iam
446 1190 662 1231 dominum
687 1191 887 1245 appellat,
912 1190 996 1231 iam
1019 1190 1190 1231 nomina
1213 1189 1430 1246 sanguinis
1454 1189 1559 1232 odit:

335 1246 538 1301 Byblida,
562 1246 647 1287 iam
671 1247 849 1295 mavult,
875 1260 1002 1299 quam
1027 1261 1071 1288 se
1095 1253 1217 1288 vocet
1239 1246 1309 1289 ille
1333 1259 1532 1289 sororem.

338 1317 433 1358 spes
456 1309 597 1344 tamen
621 1302 824 1344 obscenas
849 1302 987 1343 animo
1013 1302 1229 1344 demittere
1253 1316 1338 1344 non
1361 1310 1426 1345 est

338 1373 441 1400 ausa
465 1373 540 1400 suo
564 1358 762 1414 vigilans:
787 1358 952 1413 placida
975 1359 1158 1400 resoluta
1181 1358 1321 1412 quiete

244 1428 314 1460 470
338 1429 464 1470 saepe
489 1415 621 1463 videt,
654 1415 768 1468 quod
797 1422 922 1456 amat.
982 1414 1073 1456 visa
1097 1421 1159 1456 est
1182 1428 1350 1469 quoque
1378 1415 1554 1471 iungere
1577 1414 1696 1458 fratri

338 1485 507 1526 corpus3
533 1479 573 1513 et
598 1471 782 1520 erubuit,
808 1470 998 1524 quamvis
1024 1471 1159 1526 sopita
1181 1471 1359 1513 iacebat.

337 1541 509 1569 somnus
534 1527 634 1568 abit.
694 1527 786 1569 silet
809 1527 881 1568 illa
906 1526 977 1568 diu
1001 1527 1234 1582 repetitque
1257 1527 1408 1582 quietis

335 1583 429 1638 ipsa
452 1598 553 1625 suae
578 1583 757 1638 speciem
783 1583 995 1637 dubiaque
1019 1583 1078 1624 ita
1101 1590 1240 1625 mente
1264 1583 1473 1639 profatur:

337 1644 424 1682 ‘me
446 1639 661 1681 miseram!
686 1639 837 1682 tacitae
862 1640 963 1693 quid
987 1640 1078 1681 vult
1102 1639 1181 1681 sibi
1204 1640 1336 1682 noctis
1360 1640 1527 1694 imago?

245 1709 313 1740 475
339 1710 466 1750 quam
489 1697 619 1737 nolim
642 1704 733 1738 rata
758 1695 827 1737 sit!
865 1710 939 1737 cur
962 1695 1066 1738 haec
1091 1710 1170 1751 ego
1195 1696 1358 1738 somnia
1381 1696 1494 1738 vidi?

336 1752 406 1794 ille
430 1752 600 1806 quidem
625 1759 687 1794 est
711 1752 841 1794 oculis
867 1753 1058 1806 quamvis
1082 1752 1291 1794 formosus
1315 1752 1484 1808 iniquis,

337 1816 378 1850 et
400 1808 556 1863 placet,
581 1816 623 1850 et
645 1808 821 1864 possim,
847 1809 881 1849 si
905 1823 989 1850 non
1014 1808 1067 1850 sit
1089 1808 1231 1858 frater,
1256 1823 1411 1859 amare,

337 1872 379 1906 et
401 1879 469 1906 me
493 1864 646 1919 dignus
671 1872 771 1906 erat.
831 1879 977 1907 verum
1000 1872 1123 1906 nocet
1147 1879 1238 1907 esse
1262 1879 1460 1907 sororem.

337 1921 436 1962 dum
460 1921 586 1962 modo
611 1921 694 1963 tale
717 1920 821 1961 nihil
844 1921 1022 1976 vigilans
1047 1921 1305 1963 committere
1329 1929 1545 1977 temptem,

244 1989 313 2021 480
337 1992 461 2032 saepe
484 1977 581 2019 licet
605 1977 727 2018 simili
751 1977 895 2018 redeat
919 1977 997 2019 sub
1021 1977 1205 2032 imagine
1229 1991 1421 2020 somnus:

304 2055 307 2058 ⁴
336 2033 453 2075 testis
478 2034 595 2075 abest
620 2047 778 2082 somno,
802 2047 880 2075 nec
905 2034 1022 2075 abest
1045 2033 1208 2075 imitata
1230 2034 1327 2075 volu
1360 2041 1437 2076 tas.

335 2103 412 2144 pro
437 2090 583 2131 Venus
608 2097 649 2131 et
673 2097 816 2131 tenera
839 2090 1009 2131 volucer
1033 2104 1128 2131 oum
1153 2097 1286 2132 matre
1351 2089 1493 2145 upid0‚

336 2145 493 2200 gaudia
516 2153 674 2199 quanta
697 2145 793 2186 tuli!
831 2160 959 2200 quam
982 2161 1050 2188 me
1074 2146 1296 2188 manifesta
1319 2146 1449 2188 libido

336 2201 528 2257 contigit!
554 2210 601 2243 ut
624 2202 732 2243 iacui
756 2202 853 2244 totis
877 2202 1059 2244 resoluta
1082 2202 1295 2244 medullis!

244 2270 310 2302 485
335 2265 381 2299 ut
403 2258 642 2300 meminisse
665 2258 799 2299 iuvat!
836 2259 1028 2312 quamvis
1052 2259 1190 2300 brevis
1213 2259 1285 2300 illa
1308 2259 1515 2316 voluptas,

333 2328 502 2368 noxque
526 2314 606 2356 fuit
629 2329 829 2370 praeceps
854 2323 896 2357 et
919 2314 1077 2370 coeptis
1101 2315 1244 2357 invida
1266 2315 1431 2357 nostris.

335 2385 360 2412 o
385 2385 478 2426 ego,
503 2371 538 2412 si
562 2371 685 2412 liceat
708 2379 868 2413 mutato
893 2371 1061 2413 nomine
1084 2371 1216 2427 iungi,

334 2441 462 2481 quam
486 2427 612 2476 bene,
638 2426 806 2477 (jaune,
830 2435 902 2469 tuo
926 2434 1115 2483 poteram
1138 2442 1269 2470 nurus
1293 2442 1384 2471 esse
1412 2428 1595 2484 parenti!

335 2497 463 2537 quam
487 2483 613 2532 bene,
640 2482 803 2536 Caune,
827 2498 921 2526 meo
946 2491 1112 2540 poteras
1136 2499 1266 2539 gener
1290 2499 1380 2527 esse
1403 2484 1587 2540 parenti!

242 2551 311 2583 490
335 2540 493 2588 omnia,
519 2539 559 2580 di
584 2540 788 2589 facerent,
814 2548 953 2582 essent
977 2541 1216 2582 communia
1238 2541 1372 2591 nobis,

333 2603 500 2651 praeter
524 2611 641 2637 avos:
667 2605 712 2638 tu
736 2611 804 2638 me
828 2597 979 2639 vellem
1003 2597 1245 2652 generosior
1269 2611 1395 2639 esses.

332 2652 474 2694 nescio
498 2666 625 2706 quam
649 2652 778 2694 facies
802 2652 942 2708 igitur,
967 2653 1264 2708 pulcherrime,
1287 2661 1484 2703 matrem3

334 2715 377 2749 at
400 2707 522 2756 mihi,
548 2722 656 2762 quae
680 2709 789 2751 male
814 2724 926 2758 sum,
952 2723 1057 2763 quos
1082 2717 1147 2758 tu,
1173 2709 1317 2751 sortita
1339 2716 1548 2765 parentes,

332 2764 392 2806 nil
416 2763 493 2805 nisi
518 2763 646 2807 frater
670 2765 769 2806 eris:
795 2765 908 2820 quod
933 2766 1065 2815 obest,
1089 2765 1132 2807 id
1157 2764 1406 2808 habebimus
1430 2765 1590 2807 unum?
