1786 3242
352 239 848 278 METAMORPHOSEON
863 240 968 277 LIB.
993 241 1101 278 XIII.
1126 241 1320 278 823-910.
1442 231 1526 275 233

87 349 91 354 ·
145 334 334 378 ⁴nmque
356 322 445 366 suis
469 321 617 366 videor
639 323 886 366 translatam
910 323 1072 366 viribus
1095 323 1284 366 Aetnam

84 418 87 419 ⁷
147 378 320 439 pectore
343 377 455 422 ferre
478 393 594 422 meo:
617 394 698 422 nec
721 387 788 430 tu,
814 378 1016 431 Galatea,
1040 380 1264 423 moveris.’'

82 442 86 446 ⁴
147 435 252 480 talia
272 435 532 492 nequiquam
555 444 731 492 questus
755 435 875 491 (nam
899 443 1053 480 cuncta
1076 436 1295 493 videbam)

148 491 286 550 otu-git
308 500 352 536 et
373 500 422 535 ut
445 499 593 536 taurus
615 507 747 536 vacca
770 492 1027 536 furibundus
1051 494 1252 550 adempta
1550 509 1620 542 870

87 573 91 576 »
146 555 260 593 stare
282 548 432 605 nequit
454 549 646 604 silvaque
670 557 714 592 et
734 550 846 592 notis
871 550 1048 593 saltibus
1072 558 1202 593 errat:

87 636 90 637 ν
147 619 246 651 eum
269 605 387 650 ferus
409 605 582 663 ignaros
604 620 685 650 nec
708 606 937 662 quicquam
961 607 1045 650 tale
1069 607 1266 650 timentes

122 676 216 720 ,me
238 661 356 706 videt
379 671 507 718 atque
530 662 645 706 Acin
671 663 949 718 “video''que
973 663 1184 706 exclamat
1208 668 1233 687 “
1243 671 1303 715 et,
1327 663 1409 707 ista

75 751 86 770 ·.
119 756 122 758 .
144 715 298 764 'ultima
319 718 394 771 sit,
418 719 594 770 faciam,
618 719 800 763 Veneris
825 720 1051 762 concordia
1074 721 1281 763 vestrae.’'

79 789 83 792 ’
144 782 349 832 tantaque
372 790 477 827 vox,
501 784 706 831 quantam
731 774 918 832 Cyclops
940 776 1073 820 iratus
1097 777 1256 820 habere
1549 793 1619 826 875

73 840 75 848 ²
145 831 312 884 debuit,
334 833 408 876 illa
429 832 531 884 fuit3
555 833 739 876 clamore
763 832 1003 889 perhorruit
1026 833 1184 876 Aetna.

70 891 76 948 ,J
145 897 212 934 ast
234 903 316 947 ego
339 887 479 932 vicino
533 889 727 933 avefacta
749 889 830 932 sub
855 904 1038 945 aequore
1061 905 1244 947 mergor.

143 953 266 1004 terga
287 945 418 1004 fugae
442 946 496 990 de
527 953 618 989 erat
641 945 1145 1003 conversa-Symaethius
1169 947 1294 990 heros

73 1027 75 1029 ·
144 1010 188 1048 et
210 1003 312 1047 “fer
334 1017 480 1060 opem,
505 1001 706 1059 Galatea,
730 1017 893 1060 precor,
917 1002 1038 1046 mihi!
1064 1003 1190 1054 ferte,
1214 1007 1452 1060 parentes,’'

70 1069 76 1076 “’
144 1059 310 1104 dixerat
333 1063 411 1104 “et
432 1057 584 1103 vestris
607 1060 843 1117 periturum
867 1060 1076 1104 admittite
1100 1061 1285 1117 regnis.''
1547 1079 1618 1112 880

61 1153 67 1161 ,
141 1116 380 1174 insequitur
405 1114 594 1174 Cyclops
617 1124 867 1174 partemque
893 1132 916 1160 e
939 1126 1084 1160 monte
1108 1118 1323 1161 revulsam

140 1173 288 1225 mittit3
313 1180 356 1218 et
378 1181 594 1217 extremus
618 1174 812 1229 quamvis
835 1174 1029 1231 pervenit
1053 1175 1108 1217 ad
1131 1175 1252 1217 illum
1310 1223 1316 1230 ³

141 1231 346 1289 angulus,
368 1228 439 1274 hic
461 1229 577 1274 iaetu
600 1237 738 1273 totum
761 1238 904 1274 tamen
929 1231 1072 1274 obruit
1094 1232 1222 1274 Acin.

141 1294 188 1331 at
209 1302 306 1340 nos,
330 1286 447 1344 quod
469 1287 560 1330 fieri
585 1288 723 1330 solum
746 1303 823 1344 per
846 1288 937 1331 fata
958 1288 1130 1340 licebat,

58 1367 65 1382 π
116 1367 118 1370 ·
139 1343 341 1396 fecimus,
363 1351 414 1387 ut
437 1344 548 1387 vires
573 1352 808 1388 assumeret
831 1345 938 1387 Acis
963 1345 1112 1388 avitas.
1546 1361 1617 1394 885

59 1422 62 1423 ⁷
139 1400 359 1446 Puniceus
383 1401 437 1445 de
460 1401 572 1445 mole
596 1416 721 1444 cruor
743 1402 966 1453 manabat,
991 1410 1034 1446 et
1057 1402 1167 1445 intra

56 1484 61 1491 v·
140 1457 343 1516 temporis
366 1458 572 1515 exiguum
594 1458 726 1501 rubor
750 1473 1002 1502 evanescere
1027 1459 1184 1515 coepit3

15 1538 18 1543 ·
57 1546 61 1574 3
138 1514 274 1572 fitque
299 1515 414 1558 color
436 1515 574 1572 primo
597 1515 757 1558 turbati
779 1515 965 1558 fluminis
988 1516 1125 1559 imbre

56 1626 61 1630 .
139 1579 434 1630 purgaturque
458 1586 590 1615 mora.
649 1579 741 1614 tum
764 1572 897 1615 moles
922 1572 1058 1616 fracta
1081 1573 1274 1624 dehiscit,

51 1641 67 1666 ³-
138 1628 325 1684 vivaque
346 1643 425 1685 per
446 1627 576 1696 rimas
599 1643 860 1686 proceraque
885 1629 1022 1686 surgit
1044 1630 1252 1681 harundo,
1548 1644 1618 1677 890

140 1699 280 1752 osque
299 1699 453 1728 cavum
477 1700 570 1728 sax1
593 1692 717 1728 sonat
740 1686 1029 1729 exultantibus
1053 1687 1199 1729 undis:

13 1755 16 1756 ⁷
60 1743 78 1773 Γ
138 1756 334 1798 miraque
355 1756 444 1794 res,
468 1741 610 1785 subito
633 1742 776 1785 media
798 1750 922 1786 tenus
947 1743 1085 1786 extitit
1109 1744 1205 1786 alvo

137 1798 348 1843 incinctus
370 1798 536 1842 iuvenis
559 1799 681 1842 flexis
704 1813 818 1842 nova
843 1814 1003 1842 cornua
1028 1800 1188 1851 cannis,

167 1855 232 1907 ui,
255 1853 339 1898 nisi
362 1855 479 1912 quod
501 1855 650 1907 maior,
674 1856 790 1911 quod
814 1863 903 1899 toto
929 1857 1123 1900 caerulus
1148 1872 1234 1908 ore,

184 1913 244 1957 cis
268 1919 371 1956 erat.
430 1913 506 1956 sed
529 1913 592 1956 sic
615 1927 788 1968 quoque
810 1921 900 1957 erat
922 1921 1066 1957 tamen
1089 1914 1216 1964 Acis,
1239 1914 1284 1956 in
1309 1929 1477 1958 amnem
1545 1929 1615 1963 895

137 1984 306 2021 versus3
331 1976 374 2013 et
396 1969 620 2026 antiquum
646 1978 872 2014 tenuerunt
895 1970 1072 2013 flumina
1095 1970 1279 2014 nomen-⁹

194 2025 396 2070 Desierat
419 2024 604 2071 Galatea
627 2027 745 2081 loqui
753 2043 766 2078 ;
791 2034 1000 2082 coetuque
1024 2028 1163 2070 soluto
1413 2039 1617 2086 (Glaucus.)

138 2082 364 2127 discedunt
386 2082 649 2139 placidisque
672 2090 824 2126 natant
845 2083 1054 2128 Nereides
1077 2085 1218 2128 undis.

139 2138 287 2197 Scylla
309 2139 419 2183 redit
442 2138 602 2196 (neque
627 2140 742 2184 enim
767 2141 907 2183 medio
933 2156 978 2184 se
1003 2141 1174 2185 credere
1198 2149 1328 2199 ponto

138 2196 288 2254 audet)
311 2203 354 2240 et
377 2204 451 2240 aut
475 2195 622 2240 bibula
646 2197 736 2241 sine
763 2197 950 2241 vestibus
976 2205 1088 2241 errat
1110 2198 1283 2250 harena,
1547 2213 1617 2246 900

138 2260 232 2306 aut,
255 2253 331 2296 ubi
354 2253 514 2296 lassata
537 2262 622 2305 est,
647 2254 845 2297 seductos
869 2262 996 2298 nacta
1018 2269 1211 2298 recessus

135 2310 340 2368 gurgitis,
363 2310 529 2354 inclusa
553 2326 632 2353 sua
655 2311 848 2354 membra
871 2310 1096 2368 refrigerat
1119 2312 1248 2356 unda.

137 2381 238 2412 ecce
261 2367 372 2411 freto
396 2367 598 2419 stridens,
624 2368 704 2410 alti>
720 2383 858 2411 novus
881 2368 1022 2411 incola
1045 2370 1164 2426 ponti

135 2438 276 2482 nuper
296 2424 342 2467 in
365 2422 562 2468 Euboica
585 2425 720 2468 versis
746 2424 1004 2468 Anthedone
1028 2426 1244 2478 membris,

138 2478 333 2525 Glaucus
357 2480 480 2525 adest
502 2481 705 2537 visaeque
730 2482 927 2538 cupidine
951 2482 1127 2539 virginis
1150 2482 1311 2535 haeret,
1547 2498 1614 2531 905

137 2545 180 2582 et
202 2551 499 2594 quaecumque
523 2546 647 2595 putat
670 2538 908 2595 fugientem
931 2553 1056 2595 posse
1081 2540 1251 2591 morari,

96 2603 98 2605 ’
134 2595 269 2639 verba
291 2594 434 2638 refert.
493 2594 604 2651 fugit
627 2595 701 2638 illa
724 2603 868 2639 tamen
894 2596 1103 2652 veloxque
1127 2596 1278 2640 timore

134 2651 329 2709 pervenit
352 2651 397 2694 in
422 2666 636 2694 summum
661 2652 788 2709 positi
810 2666 944 2709 prope
967 2653 1092 2696 litora
1114 2653 1283 2697 montis.

135 2714 235 2752 ante
258 2708 417 2752 fretum
442 2716 506 2751 est
528 2709 701 2765 ingens,
727 2709 892 2766 apicem
916 2710 1132 2754 conlectus
1156 2710 1201 2754 in
1225 2726 1373 2763 unum,

134 2764 266 2823 longa
290 2765 371 2810 sub
396 2765 620 2810 arboribus
645 2780 860 2810 convexus
884 2766 928 2810 in
953 2781 1138 2824 aequora
1161 2776 1321 2812 vertex.
1546 2783 1615 2816 910
