1786 3242
314 536 380 568 485

313 817 381 848 490

313 1098 380 1130 495

313 1378 380 1410 500

314 1657 379 1688 505

314 1939 380 1971 510

311 2220 377 2252 515

310 2501 377 2532 520

310 2781 375 2812 525

405 264 490 307 210
846 271 890 307 Ρ.
917 271 1083 309 OVIDII
1106 269 1324 309 NASONIS

404 354 533 410 plaga
555 353 657 396 facit
680 353 862 409 gemitus
887 359 935 394 ut
958 353 1132 395 verbere
1156 352 1373 394 marmoris
1396 351 1482 404 icti,

404 411 622 464 fractaque
647 408 826 451 dissiluit
847 423 1046 464 percusso
1070 408 1270 451 lammina
1294 408 1414 451 callo.

405 474 453 508 ut
477 466 575 508 satis
598 466 763 507 illaesos
788 464 956 506 miranti
980 464 1173 520 praebuit
1197 472 1325 514 artus,

406 526 553 564 “nunc
576 521 696 576 age,'’
723 521 781 563 ait
807 519 1003 563 Caeneus
1028 525 1204 563 “nostro
1227 528 1302 562 tua
1325 534 1500 577 corpora
1523 520 1637 565 ferro

404 577 708 634 temptemus1’'
733 578 968 633 capuloque
993 584 1114 619 tenus
1139 576 1305 619 demisit
1327 576 1370 619 in
1394 591 1532 620 armos

405 649 548 677 ensem
571 633 785 676 fatiferum
809 647 1066 688 caecumque
1090 633 1132 674 in
1156 633 1319 675 viscera
1341 633 1473 676 movit

404 690 670 744 versavitque
710 703 840 731 manu
889 690 1126 744 vulnusque
1149 689 1193 731 in
1217 689 1390 732 vulnere
1413 688 1527 733 fecit.

406 762 505 790 ecce
527 754 656 788 ruunt
679 754 799 788 vasto
822 746 959 788 rabidi
983 747 1164 788 clamore
1188 745 1454 789 Bimembres

406 804 573 857 telaque
596 803 640 844 in
662 802 775 844 hunc
799 817 944 844 omnes
968 817 1100 844 unum
1123 802 1379 857 mittuntque
1402 801 1641 858 feruntque.

405 860 489 902 tela
512 866 654 903 retusa
678 859 833 901 cadunt
841 875 852 908 ;
876 866 1018 901 manet
1041 858 1316 914 imperfossus
1340 858 1394 900 ab
1418 857 1533 901 omni

404 916 775 970 inquecruentatus
801 913 996 958 Caeneus
1019 914 1210 957 Elateius
1233 914 1333 956 ictu.

404 972 562 1014 fecerat
585 971 779 1013 attonitos
803 985 913 1013 nova
936 986 1015 1014 res.
1075 971 1193 1014 “heu
1217 971 1400 1013 dedecus
1422 969 1627 1028 ingensl”

404 1027 647 1083 Monychus
672 1028 891 1076 exclamat,
917 1027 1129 1083 “populus
1154 1042 1402 1083 superamur
1425 1027 1479 1069 ab
1502 1041 1602 1077 uno,

406 1085 561 1138 vixque
585 1084 689 1126 viro.
748 1098 1004 1138 quamquam
1027 1083 1097 1126 ille
1121 1084 1186 1125 vir
1210 1091 1291 1126 est:
1322 1098 1399 1126 nos
1423 1083 1624 1150 segnibus
1649 1083 1770 1135 actis,

405 1141 520 1195 quod
543 1140 623 1181 fuit
646 1140 735 1190 ille,
760 1155 918 1182 sumus.
978 1140 1080 1194 quid
1103 1140 1292 1182 membra
1314 1139 1514 1182 immama
1535 1140 1739 1196 prosunt?

405 1197 507 1250 quid
531 1196 724 1251 geminae
748 1196 875 1246 vires,
901 1204 943 1238 et
967 1196 1080 1251 quod
1104 1196 1331 1238 fortissima
1353 1210 1495 1239 rerum

403 1252 448 1293 in
470 1252 592 1294 nobis
617 1252 772 1307 duplex
795 1259 946 1294 natura
969 1253 1164 1294 animalia
1187 1252 1348 1294 iunxit?

403 1323 482 1351 nec
505 1323 581 1350 nos
605 1316 738 1350 matre
762 1308 842 1350 dea
863 1323 942 1350 nec
965 1323 1041 1350 nos
1065 1309 1212 1350 Ixione
1235 1316 1357 1351 natos

405 1379 496 1407 esse
519 1378 631 1414 reor3
656 1364 727 1418 qui
751 1371 893 1406 tantus
917 1372 1024 1415 erat,
1048 1364 1223 1406 Iunonis
1246 1371 1294 1406 ut
1317 1364 1426 1407 altae

404 1435 523 1476 spem
548 1428 734 1476 caperet:
760 1434 837 1462 nos
861 1420 1070 1463 semimari
1095 1435 1343 1476 superamur
1366 1421 1420 1462 ab
1444 1421 1580 1475 hoste.

404 1492 506 1518 saxa
529 1477 753 1531 trabesque
778 1491 904 1532 super
927 1477 1120 1531 totosque
1143 1477 1343 1520 involvite
1367 1484 1545 1528 montes,

403 1533 678 1586 vivacemque
703 1533 887 1574 animam
910 1533 1047 1575 missis
1072 1533 1213 1575 elidite
1238 1532 1373 1575 silvis!

404 1590 509 1631 silva
532 1596 696 1645 premat
718 1589 882 1638 fauces,
907 1598 949 1632 et
973 1589 1049 1631 erit
1067 1604 1148 1654 pro
1173 1589 1346 1632 vulnere
1369 1587 1577 1645 pondus.’'

405 1645 523 1687 dixit.
583 1653 624 1688 et
646 1646 783 1687 insani
807 1645 1012 1688 deiectam
1037 1645 1197 1688 vlribus
1221 1645 1353 1687 austri

403 1702 512 1744 forte
535 1703 699 1744 trabem
723 1709 891 1752 nactus,
914 1702 1102 1743 validum
1126 1701 1302 1744 coniecit
1325 1701 1370 1743 in
1392 1700 1576 1744 hostem:
1603 1711 1605 1714 ⁴

405 1758 729 1813 exemplumque
752 1758 845 1800 fuit.
903 1772 1118 1813 parvoque
1141 1758 1186 1799 in
1209 1765 1398 1823 tempore
1421 1757 1561 1799 nudus

405 1814 565 1856 arboris
591 1813 751 1869 Othrys
777 1821 883 1864 erat,
907 1828 986 1856 nec
1008 1814 1193 1856 habebat
1214 1814 1357 1856 Pehos
1381 1813 1566 1855 umbras.

405 1871 579 1912 obrutus
603 1870 776 1912 immani
800 1870 968 1912 cumulo
993 1870 1072 1912 sub
1097 1870 1282 1925 pondere
1307 1868 1504 1913 Caeneus

406 1933 571 1968 aestuat
594 1926 768 1968 arboreo
793 1926 1066 1980 coniectaque
1089 1926 1241 1968 robora
1264 1926 1379 1967 duris

403 1982 485 2024 fert
509 1982 677 2024 umeris.
738 1982 812 2024 sed
837 1982 948 2024 enim
972 1989 1197 2037 postquam
1221 1997 1348 2037 super
1371 1987 1681 2038 ora'caputque
1748 1984 1750 1986 ’

403 2038 534 2081 crevit
557 2053 684 2087 οῑιυε,
708 2052 845 2092 neque
868 2038 1016 2088 habet,
1040 2052 1145 2092 quas
1170 2038 1315 2088 ducat,
1340 2037 1510 2093 spiritus
1534 2052 1675 2088 auras,

403 2094 544 2137 deficit
566 2094 795 2136 interdum:
820 2094 945 2136 modo
969 2109 1014 2136 se
1039 2109 1166 2149 super
1189 2098 1287 2136 ae'ra
1309 2093 1466 2136 frustra

402 2151 548 2193 tollere
573 2158 748 2192 conatur
770 2150 985 2204 iactasque
1010 2151 1203 2192 evolvere
1227 2150 1353 2192 silvas
1361 2166 1373 2200 3

402 2207 697 2260 interdumque
721 2214 878 2248 movet:
904 2206 1054 2256 veluti,
1078 2220 1205 2260 quam
1229 2207 1456 2257 cernimus,
1481 2219 1598 2256 ecce,

402 2263 535 2305 ardua
558 2263 594 2304 si
618 2271 753 2304 terrae
778 2263 991 2316 quatiatur
1013 2262 1197 2304 motibus
1220 2262 1310 2305 Ide.

403 2319 540 2361 exitus
563 2319 607 2360 in
632 2319 761 2360 dubio
785 2326 860 2361 est.
919 2318 990 2372 alii
1014 2319 1093 2360 sub
1116 2318 1259 2360 inania
1282 2333 1434 2374 corpus

402 2375 581 2417 Tartara
605 2375 821 2416 detrusum
846 2374 1045 2417 silvarum
1069 2375 1179 2417 mole
1202 2374 1411 2417 ferebant:

402 2432 550 2473 abnuit
573 2431 834 2486 Ampycides
858 2431 1082 2485 medioque
1107 2445 1160 2472 ex
1182 2445 1338 2486 aggere
1361 2429 1488 2472 fulvis

401 2487 506 2529 vidit
530 2502 652 2529 avem
674 2487 823 2542 pennis
846 2487 1027 2541 liquidas
1052 2486 1165 2528 exire
1190 2487 1269 2528 sub
1293 2501 1430 2536 aurae,

402 2558 512 2597 quae
535 2543 638 2584 mihi
662 2550 763 2585 tunc
785 2543 987 2599 primum,
1012 2550 1112 2584 tunc
1137 2549 1199 2585 est
1223 2550 1447 2598 conspecta
1469 2556 1729 2599 supremum.
1751 2543 1753 2547 ’

401 2599 511 2641 hanc
534 2599 608 2641 ubi
630 2600 879 2641 lustrantem
900 2599 986 2642 leni
1009 2614 1087 2641 sua
1110 2606 1246 2640 castra
1269 2600 1413 2640 volatu

401 2655 583 2711 Mopsus
609 2663 650 2697 et
672 2655 833 2711 ingenti
857 2655 1014 2698 circum
1039 2655 1234 2710 clangore
1258 2661 1476 2697 sonantem

402 2711 565 2767 aspexit
588 2711 826 2766 pariterque
851 2712 989 2753 animo
1014 2718 1076 2753 est
1100 2711 1313 2766 oculisque
1338 2718 1519 2761 secutus,

403 2772 461 2809 “o
486 2768 640 2817 salve,”
667 2767 771 2809 dixit
796 2767 1091 2824 “Lapithaeae
1115 2767 1249 2822 gloria
1272 2767 1422 2823 gentis,
