1786 3242
259 364 326 396 405

261 644 328 676 410

262 924 328 955 415

261 1203 329 1234 420

262 1483 328 1515 425

262 1763 330 1795 430

261 2045 328 2076 435

259 2326 328 2357 440

259 2608 325 2639 445

354 261 440 305 264
797 268 1031 306 P.0V1D11
1055 267 1270 306 NASONIS

352 351 517 405 fertque
540 350 635 406 pius
661 362 874 403 cunasque
898 363 995 390 suas
1019 349 1286 414 patriumque
1303 350 1562 414 sepulcrum,

350 420 509 463 perque
532 406 646 448 leves
671 420 794 447 auras
817 404 1075 470 Hyperionis
1099 405 1204 448 urbe
1226 404 1384 470 potitus

352 470 448 504 ante
470 461 582 504 fores
607 476 746 503 sacras
770 460 1028 526 Hyperionis
1053 461 1157 503 aede
1179 460 1357 516 reponit.

352 518 387 560 si
410 525 552 560 tamen
576 526 638 560 est
661 516 819 571 aliquid
842 516 972 559 mirae
995 517 1193 559 novitatis
1215 517 1260 559 in
1282 517 1387 568 istis,

352 574 558 616 alternare
581 573 694 616 vices
719 580 779 624 et,
804 587 912 627 quae
935 573 1062 614 modo
1085 573 1243 615 femina
1265 580 1384 639 tergo

351 645 476 685 passa
498 645 657 672 marem
681 636 763 680 est,
786 643 899 671 nunc
924 643 1015 671 esse
1038 644 1198 671 marem
1221 629 1420 672 miremur
1441 629 1667 686 hyaenam.

350 686 396 728 id
419 699 605 740 quoque,
629 685 744 740 quod
767 685 902 728 ventis
925 685 1080 727 animal
1103 685 1286 727 nutritur
1309 692 1350 728 et
1373 701 1489 736 aura,

351 742 541 798 protinus
565 741 800 791 assimulat,
825 741 962 797 tetigit
985 755 1274 796 quoscumque
1298 741 1470 785 colores.

351 799 463 840 victa
485 798 732 841 racemifero
755 798 901 853 lyncas
899 776 1039 839 e>dedit
1063 797 1186 839 India
1208 797 1394 848 Baccho,

353 870 375 897 e
400 854 573 909 quibus,
597 862 645 897 ut
666 861 919 903 memorant,
943 853 1149 922 quidquid
1173 853 1313 896 vesica
1335 853 1506 904 remisit,

353 911 529 953 vertitur
551 911 595 952 in
618 909 780 966 lapides
804 917 844 952 et
869 909 1064 965 congelat
1087 913 1182 952 ae're
1206 917 1331 952 tacto.

353 966 413 1009 sic
436 974 478 1009 et
502 966 724 1015 curalium,
747 979 832 1020 quo
855 966 1038 1032 primum
1063 966 1238 1022 contigit
1261 981 1384 1008 auras

353 1032 559 1078 tempore,
583 1022 782 1064 durescit:
807 1022 944 1064 mollis
967 1022 1046 1064 fuit
1070 1021 1202 1064 herba
1225 1022 1304 1064 sub
1328 1022 1464 1066 undis.

354 1079 515 1121 desinet
538 1086 635 1121 ante
660 1079 767 1128 dies,
793 1086 834 1121 et
855 1078 900 1120 in
923 1078 1007 1119 alto
1030 1078 1232 1121 Phoebus
1257 1078 1428 1121 anhelos

353 1149 535 1200 aequore
558 1135 721 1190 tinguet
743 1148 893 1188 equos,
917 1148 1046 1189 quam
1069 1148 1302 1189 consequar
1325 1135 1465 1178 omnia
1487 1135 1632 1179 verbis

353 1191 397 1233 in
421 1190 582 1256 species
605 1191 806 1232 translata
827 1205 973 1233 novas.
1033 1190 1092 1233 sic
1116 1191 1256 1233 omnia
1279 1191 1386 1234 verti

353 1247 582 1296 cernimus,
606 1253 732 1300 atque
755 1246 848 1288 illas
872 1261 1084 1289 assumere
1107 1247 1259 1289 robora
1279 1254 1443 1313 genteS,

354 1303 573 1345 concidere
595 1302 685 1344 has
745 1303 804 1344 sic
827 1317 984 1358 magna
1006 1302 1087 1344 fuit
1110 1317 1323 1358 censuque
1346 1303 1530 1358 virisque

351 1373 511 1414 perque
535 1358 680 1401 decem
704 1358 840 1413 potuit
861 1366 1025 1400 tantum
1050 1359 1149 1401 dare
1173 1359 1389 1414 sanguinis
1412 1373 1558 1411 annos,

352 1429 466 1457 nunc
489 1414 657 1456 humilis
681 1422 843 1457 veteres
868 1415 1157 1457 tantummodo
1181 1415 1310 1457 Troia
1331 1415 1474 1458 ruinas

354 1478 395 1513 et
418 1485 495 1527 pro
520 1471 674 1513 divitiis
698 1471 882 1513 tumulos
906 1471 1089 1513 ostendit
1112 1485 1299 1513 avorum.

353 1528 465 1569 clara
487 1527 569 1569 fuit
593 1526 765 1583 Sparte,
788 1542 968 1583 magnae
992 1527 1165 1582 viguere
1188 1527 1416 1582 Mycenae:

356 1583 452 1649 [nec
475 1598 561 1625 non
585 1591 626 1626 et
651 1581 852 1639 Cecropis
876 1597 954 1626 nec
977 1598 1061 1625 non
1084 1583 1337 1639 Amphionis
1361 1582 1499 1640 arces]

352 1640 435 1682 vile
459 1640 595 1681 solum
620 1638 774 1694 Sparte
798 1647 879 1689 est,
905 1640 1013 1682 altae
1034 1639 1225 1705 cecidere
1248 1639 1328 1695 My
1330 1654 1471 1682 cenae.

354 1695 712 1752 [Oedipodioniae
735 1696 837 1750 quid
862 1704 977 1745 sunt,
1003 1696 1084 1737 nisi
1107 1696 1296 1746 nomina,
1299 1656 1519 1739 yThebae?

353 1752 456 1806 quid
478 1752 739 1794 Pandioniae
763 1759 939 1802 restant,
962 1752 1043 1793 nisi
1065 1766 1238 1803 nomen,
1262 1751 1500 1808 Athenae?]

352 1823 466 1850 nunc
490 1822 659 1863 quoque
683 1807 946 1850 Dardaniam
969 1807 1084 1850 fama
1107 1816 1170 1850 est
1194 1823 1447 1864 consurgere
1470 1809 1669 1861 Romam,

351 1864 747 1929 Appenninigenae
757 1878 865 1918 quae
889 1864 1080 1919 proxima
1103 1864 1332 1919 Thybridis
1355 1864 1479 1908 undis

352 1921 462 1962 mole
487 1920 567 1962 sub
590 1920 750 1975 ingenti
773 1935 914 1962 rerum
936 1919 1183 1962 fundamina
1206 1921 1336 1976 ponit.

352 1977 457 2019 haec
480 1977 608 2032 igitur
630 1976 811 2018 formam
835 1976 1059 2018 crescendo
1083 1984 1219 2018 mutat
1241 1985 1281 2019 et
1304 1977 1405 2019 olim

352 2032 546 2074 immensi
569 2040 697 2088 caput
721 2032 832 2074 orbis
857 2032 946 2075 erit.
1007 2032 1066 2074 sic
1090 2032 1227 2075 dicere
1250 2040 1368 2076 vates

353 2089 628 2142 faticinasque
651 2088 790 2131 ferunt
814 2095 966 2138 sortes3
990 2096 1279 2143 quantumque
1302 2089 1512 2140 recordor,

353 2145 515 2187 dixerat
537 2145 731 2194 Aeneae,
756 2159 851 2187 cum
875 2160 942 2187 res
966 2144 1152 2187 Troiana
1173 2145 1348 2196 labaret,

351 2200 587 2243 Priamides
610 2201 801 2243 Helenus
824 2201 939 2242 flenti
964 2201 1176 2255 dubioque
1201 2201 1365 2244 salutis:

351 2261 483 2300 “nate
507 2257 604 2307 dea,
629 2257 664 2298 si
686 2264 786 2298 nota
809 2257 909 2299 satis
932 2257 1152 2313 praesagia
1174 2264 1343 2300 nostrae

351 2314 503 2356 mentis
526 2313 678 2363 habes,
703 2328 788 2355 non
811 2320 899 2355 tota
923 2313 1044 2356 cadet
1067 2321 1109 2356 te
1134 2314 1289 2369 sospite
1313 2314 1453 2356 Troia.

351 2370 521 2412 flamma
542 2369 619 2411 tibi
642 2369 884 2423 ferrumque
909 2369 1069 2411 dabunt
1090 2370 1188 2412 iter:
1212 2370 1293 2412 ibis
1317 2378 1359 2412 et
1381 2385 1469 2412 una

350 2426 563 2481 Pergama
585 2432 706 2481 rapta
729 2425 858 2475 feres,
883 2425 1016 2468 donec
1040 2425 1275 2480 Troiaeque
1299 2426 1458 2480 tibique

351 2490 570 2524 externum
594 2482 728 2537 patrio
753 2482 968 2537 contingat
991 2482 1165 2523 amicius
1189 2497 1351 2524 arvum.

351 2538 500 2580 urbem
523 2538 648 2581 etiam
673 2552 797 2581 cerno
820 2537 1032 2593 Phrygios
1057 2538 1209 2580 debere
1231 2546 1419 2594 nepotes,

350 2602 507 2649 quanta
529 2609 608 2637 nec
632 2602 695 2636 est
717 2609 796 2637 nec
820 2594 897 2636 erit
917 2609 996 2636 nec
1019 2594 1109 2635 visa
1132 2593 1340 2649 prioribus
1363 2594 1500 2636 annis.

350 2651 458 2692 hanc
482 2651 551 2692 alii
573 2665 766 2706 proceres
790 2665 865 2706 per
889 2650 1056 2692 saecula
1062 2650 1204 2715 'longa
1226 2657 1452 2705 potentem,

350 2707 424 2748 sed
448 2707 661 2748 dominam
684 2722 823 2749 rerum
847 2707 899 2749 de
924 2706 1128 2761 sanguine
1151 2713 1294 2748 natus
1287 2706 1381 2748 -Iuli

349 2762 516 2806 efficiet.
574 2777 658 2817 quo
683 2778 780 2805 cum
802 2763 925 2806 tellus
951 2762 1029 2805 erit
1053 2777 1149 2812 usa,
1173 2762 1366 2805 fruentur

1770 440 1786 583 ἓ
