1786 3242
310 253 806 293 METAMORPHOSEON
827 254 926 292 LIB.
951 255 1019 291 IX.
1046 254 1241 291 539-626.

232 342 376 380 tamen
399 342 447 379 ut
470 335 614 387 rediit,
638 337 797 393 pariter
819 336 982 380 rediere
1008 335 1187 387 furores,

73 387 320 453 :Quaque
343 393 417 436 vix
440 393 547 436 tales
570 393 655 436 icto
679 393 797 436 dedit
819 397 916 436 ae‘re
940 406 1089 435 voces:

55 454 153 502 “fot
173 449 345 494 merito!
370 449 474 504 quid
497 449 610 492 enim
634 450 859 493 temeraria
882 449 1067 492 vulneris
1091 449 1219 492 huius

50 525 54 530 ¹*
69 523 70 526 ’
87 506 291 553 iudicium
313 506 424 550 feci?
457 506 580 562 quid,
604 520 715 562 quae
740 506 918 549 celanda
941 505 1128 556 fuerunt,

57 575 66 583 ‘'
87 569 179 609 m
201 563 286 607 cito
310 562 504 606 commisi
528 563 764 620 properatis
789 563 922 606 verba
945 563 1138 605 tabellis?

48 622 56 629 '
83 627 188 675 -ante
211 627 302 664 erat
327 619 540 676 ambiguis
564 620 695 662 animi
719 620 929 663 sententia
953 619 1077 662 dictis

48 692 50 694 ·
87 676 440 743 praetemptanda
462 676 580 719 mihi.
638 691 693 720 ne
716 691 802 718 non
826 683 1075 731 sequeretur
1099 683 1285 728 euntem,

48 743 49 746 ’
183 747 208 777 e
231 733 376 789 ahqua
398 733 502 784 veli,
526 733 663 789 qualis
687 733 799 776 foret
822 747 946 783 aura,
972 740 1119 775 notare

48 811 50 820 2
78 804 81 806 ·
117 790 320 836 obueram
344 796 522 856 tutoque
546 789 653 832 mari
677 790 920 832 decurrere:
945 803 1055 844 quae
1079 803 1194 832 nunc

51 846 54 856 ’
88 861 176 892 non
198 846 430 904 exploratis
453 846 627 902 1mplevi
650 846 782 888 lintea
805 845 956 888 ventis.

53 927 59 958 z
88 903 258 949 auferor
280 903 326 946 in
349 903 548 960 scopulos
571 903 716 959 igitur,
741 902 1032 957 subversaque
1056 909 1145 944 toto

87 959 245 1004 obruor
268 957 462 1010 Oceano,
485 974 625 1015 neque
649 959 808 1002 habent
831 974 928 1002 mea
951 959 1047 1002 vela
1070 973 1282 1002 recursus.

47 1027 49 1029 ’
146 1016 194 1061 id
216 1017 333 1073 quod
356 1024 399 1060 et
422 1017 635 1059 ominibus
659 1016 784 1059 certis
808 1016 1065 1072 prohibebar
1088 1016 1223 1058 amori

6 1115 7 1118 ,
47 1087 49 1127 j
88 1073 312 1141 indulgere
334 1088 446 1125 meo,
471 1081 562 1116 tum
587 1088 685 1116 cum
709 1073 812 1115 mihi
837 1073 947 1116 ferre
971 1072 1136 1116 iubenti

4 1167 6 1171 .
46 1161 50 1166 ·
88 1130 246 1175 excidit
269 1137 312 1174 et
334 1130 437 1174 fecit
460 1145 557 1187 spes
580 1138 746 1173 nostras
770 1145 868 1173 cera
892 1130 1102 1172 caducas?

3 1210 14 1227 u
49 1194 54 1205 ’“
86 1202 228 1232 nonne
251 1187 320 1230 vel
342 1187 416 1230 illa
438 1187 529 1230 dies
552 1187 692 1230 fuerat
714 1187 783 1229 vel
806 1194 897 1230 tota
920 1188 1131 1238 voluntas,

6 1296 8 1299 ¹
35 1254 59 1299 j
88 1243 165 1290 sed
186 1243 328 1302 potius
350 1244 556 1287 mutanda
580 1244 696 1286 dies?
733 1244 838 1287 deus
862 1244 954 1300 ipse
978 1244 1181 1287 monebat

0 1345 7 1350 ,
36 1302 44 1329 ἶ
89 1301 295 1360 signaque
319 1309 435 1344 certa
458 1301 606 1344 dabat:
633 1301 668 1343 si
691 1315 778 1343 non
802 1301 913 1343 male
938 1316 1043 1343 sana
1066 1300 1257 1344 fuissem.

3 1359 10 1367 ”
86 1366 132 1412 et
152 1365 296 1402 tamen
317 1357 412 1414 ipsa
434 1357 551 1413 loqui
573 1372 653 1401 nec
676 1373 746 1401 me
770 1358 1033 1401 committere
1058 1372 1179 1401 cerae

4 1434 5 1437 =
42 1432 47 1443 ⁷
88 1414 340 1465 debueram,
363 1429 652 1471 praesensque
675 1429 793 1457 meos
817 1415 979 1470 aperire
1003 1414 1182 1457 furores.

31 1490 52 1527 2
87 1471 263 1516 vidisset
284 1471 500 1522 lacrimas,
524 1472 691 1514 vultum
715 1471 892 1514 vidisset
917 1471 1110 1514 amantis.

40 1551 51 1561 =
85 1529 212 1597 plura
233 1529 351 1584 loqui
374 1535 586 1585 poteram,
612 1543 743 1583 quam
767 1542 878 1583 quae
902 1543 1052 1584 cepere
1077 1528 1271 1572 tabellae.

13 1637 16 1643 ¹
46 1586 49 1590 ’
84 1585 220 1629 mvito
242 1585 364 1642 potui
387 1585 650 1628 circumdare
674 1585 874 1628 bracchia
898 1586 1007 1628 collo

46 1663 50 1694 ς
86 1649 150 1694 et,
174 1642 211 1685 si
233 1642 430 1692 reiceret,
453 1642 573 1698 potui
596 1642 802 1685 moritura
825 1642 961 1685 videri

11 1737 12 1740 ,
86 1699 371 1756 amplectique
394 1699 526 1755 pedes
550 1698 788 1754 adfusaque
811 1714 987 1755 poscere
1011 1700 1156 1742 vitam.

87 1755 230 1800 omnia
251 1755 467 1806 fecissem,
492 1769 674 1811 quorum
698 1756 734 1798 si
758 1756 927 1812 singula
951 1756 1102 1798 duram

4 1812 7 1817 ’
41 1821 46 1859 ,Γ
85 1813 256 1858 flectere
277 1827 365 1856 non
388 1820 604 1870 poterant,
629 1812 867 1869 potuissent
890 1813 1050 1862 omnia,
1075 1820 1274 1856 mentem.

3 1907 18 1914 ,,
38 1882 41 1890 ‘
85 1869 264 1914 forsitan
287 1876 331 1913 et
352 1869 470 1912 missi
494 1869 548 1912 sit
571 1869 783 1925 quaedam
808 1870 933 1926 culpa
956 1869 1149 1912 ministri.

0 1934 11 1978 ξ
39 1938 46 1960 5
85 1941 174 1971 non
196 1925 300 1970 adiit
322 1933 421 1983 apte
443 1940 524 1970 nec
547 1927 652 1983 legit
674 1926 846 1978 idonea,
873 1927 1013 1978 credo,

7 1987 14 2024 ἶ
86 1991 293 2042 tempora,
315 1998 396 2027 nec
419 1983 541 2051 petiit
564 1983 799 2039 horamque
824 1983 1099 2039 animumque
1124 1991 1360 2028 vacantem.

11 2043 47 2070 ῗ·”
84 2038 194 2086 haec
215 2055 400 2084 nocuere
422 2040 541 2083 m1h1.
598 2054 739 2095 neque
763 2041 876 2084 enim
902 2041 956 2084 de
979 2041 1133 2097 tigride
1157 2049 1298 2093 natus,

19 2103 48 2155 -jj
85 2112 168 2142 nec
188 2098 226 2141 ri
258 2097 350 2141 ‘das
373 2097 512 2141 silices
536 2098 774 2141 solidumve
798 2097 843 2140 in
866 2106 1038 2154 pectore
1061 2098 1223 2141 ferrum

27 2166 36 2191 «ἓ
86 2162 162 2199 aut
184 2170 210 2198 a
241 2162 412 2197 amanta
433 2155 563 2211 gerit,
586 2170 666 2197 nec
688 2155 756 2197 lac
781 2154 887 2197 bibit
909 2155 981 2198 ille
1003 2155 1192 2199 leaenae.

16 2215 54 2269 ⁵³4
85 2211 298 2256 vinceture
321 2211 577 2268 repetendus
601 2212 693 2255 erit.
751 2226 831 2254 nec
855 2212 996 2255 taedia
1019 2212 1159 2267 coepti

12 2284 47 2326 L:
85 2268 175 2313 ulla
195 2267 281 2312 mei
304 2267 490 2325 capiam,
516 2268 619 2311 dum
643 2268 815 2324 spiritus
839 2268 918 2312 iste
942 2269 1143 2311 manebit.

12 2327 36 2382 j,
85 2340 188 2369 nam
209 2325 413 2383 primum,
438 2326 474 2368 si
498 2325 613 2368 facta
635 2325 739 2367 mihi
763 2340 964 2368 revocare
987 2325 1146 2375 liceret,

7 2391 46 2432 ;'v
84 2397 173 2426 non
196 2382 386 2439 coepisse
410 2382 510 2425 fuit:
535 2390 686 2439 coepta
710 2397 957 2439 expugnare
982 2383 1216 2425 secundum
1241 2390 1318 2426 est.

7 2439 34 2488 ‚³
85 2439 246 2497 quippe
268 2454 350 2483 nec
371 2439 443 2483 ille
466 2447 626 2496 potest,
650 2446 699 2482 ut
721 2440 806 2482 iam
830 2454 927 2482 mea
950 2447 1051 2482 vota
1074 2440 1324 2495 relinquam,

18 2524 51 2554 ρ.
82 2510 172 2540 non
194 2503 339 2540 tamen
362 2511 564 2539 ausorum
589 2511 757 2553 semper
779 2511 943 2539 memor
966 2511 1059 2540 esse
1083 2512 1295 2540 meorum:

0 2567 1 2601 ς
19 2556 44 2587 ἰ·’
85 2559 148 2605 et,
170 2553 272 2609 quia
294 2553 511 2604 desierim,
535 2553 686 2596 leviter
708 2553 893 2596 voluisse
916 2553 1107 2605 videbor,

41 2613 42 2616 ’
85 2616 162 2654 aut
182 2609 312 2653 etiam
335 2617 419 2653 tem
453 2618 564 2653 tasse
587 2610 707 2653 illum
731 2610 980 2665 insidiisque
1004 2610 1179 2667 petisse:

19 2667 46 2717 ’,ᾗ
85 2667 155 2711 vel
177 2674 292 2711 certe
315 2681 402 2709 non
456 2681 528 2717 oc,
552 2667 625 2722 qui
678 2667 857 2709 lurimus
881 2674 1007 2723 urget
1031 2674 1074 2711 et
1096 2668 1183 2711 urit

12 2762 15 2766 .
42 2729 48 2767 ,“
83 2729 257 2780 pectora
277 2731 443 2775 nostra,
467 2723 561 2774 dec,
586 2739 631 2767 se
685 2724 798 2767 victa
820 2724 995 2768 libidine
1019 2725 1179 2768 credar.

10 2815 18 2829 ,-
51 2795 55 2804 ··
84 2779 268 2837 denique
290 2780 377 2824 iam
399 2795 567 2837 nequeo
591 2781 651 2824 nil
676 2781 936 2825 commisisse
959 2781 1214 2826 nefandum:

1387 245 1471 288 159

1493 462 1564 496 585

1496 747 1568 780 590

1495 1032 1566 1064 595

1494 1316 1566 1349 600

1493 1601 1562 1633 605

1493 1885 1563 1917 610

1491 2170 1560 2201 615

1490 2453 1561 2486 620

1488 2739 1558 2772 625
