1786 3242
353 265 436 309 188
798 271 842 306 Ρ.
869 269 1032 307 OVIDII
1055 267 1271 306 NASONIS

350 353 537 398 nascitur
559 368 583 395 e
605 351 781 394 Phoebo
806 350 1007 405 (namque
1033 356 1096 392 est
1118 349 1242 392 enixa
1264 348 1486 405 gemellos)

353 410 537 453 carmine
561 408 697 450 vocali
721 408 857 449 clarus
882 406 1125 460 citharaque
1148 405 1429 447 Philammon.

353 466 454 521 quid
478 464 689 521 peperisse
714 463 820 505 duos
845 470 886 505 et
909 463 972 504 dis
996 462 1203 518 placuisse
1227 461 1406 512 duobus,

354 531 396 564 et
419 521 517 564 forti
540 520 728 576 genitore
753 527 795 562 et
817 518 1084 575 progenitore
1108 518 1302 560 Tonante

263 591 330 623 320
354 593 444 620 esse
469 584 603 619 satam
626 575 822 632 prodest?
857 590 910 617 an
935 575 1055 617 obest
1078 588 1247 629 quoque
1270 573 1405 640 gloria
1426 573 1595 617 multis?

353 633 490 676 obfuit
511 633 609 674 huic
633 639 763 675 certe:
788 645 897 686 quae
921 646 966 674 se
990 631 1202 687 praeferre
1224 630 1391 673 D1anae

354 689 551 733 sustinuit
573 689 809 743 faciemque
833 688 936 730 deae
961 685 1159 743 culpavit.
1217 694 1260 728 at
1282 686 1343 728 illi

353 747 416 788 ira
438 746 559 788 ferox
581 753 696 787 mota
719 752 800 794 est,
826 743 1098 798 “factis’'que
1123 742 1448 799 “placebimus’'
1473 742 1624 798 inquit.

354 816 433 845 nec
455 816 592 843 mora:
618 801 809 843 curvavit
833 815 962 842 cornu
986 814 1200 854 nervoque
1224 799 1422 855 sagittam

265 872 331 904 325
354 858 539 914 impulit,
565 865 606 900 et
628 857 819 899 meritam
843 856 1004 899 traiecit
1028 855 1262 898 harundine
1285 855 1487 912 linguam.

353 916 500 971 lingua
523 921 651 964 tacet,
675 928 752 956 nec
777 927 859 955 vox
882 919 1168 969 temptataque
1193 912 1323 954 verba
1345 917 1596 967 sequuntur:

356 978 661 1025 conantemque
683 969 799 1024 loqui
824 984 920 1011 cum
944 969 1149 1025 sanguine
1172 968 1258 1011 vita
1280 967 1460 1023 reliquit.

356 1042 484 1082 quam
507 1027 703 1068 miseram
729 1026 971 1081 amplexans
997 1039 1076 1081 ego
1101 1033 1191 1067 tum
1215 1032 1449 1080 patruoque
1473 1024 1661 1067 dolorem

357 1084 482 1126 corde
506 1083 602 1132 tuli,
627 1082 830 1136 fratrique
853 1082 924 1137 pio
949 1081 1103 1123 solacia
1128 1081 1228 1123 dixi.

266 1152 333 1184 330
358 1154 465 1194 quae
489 1146 608 1195 pater
629 1138 744 1180 haud
769 1138 901 1188 aliter,
925 1151 1053 1192 quam
1078 1146 1220 1180 cautes
1244 1151 1461 1180 murmura
1483 1136 1615 1194 ponti,

357 1195 509 1251 accipit
533 1201 574 1237 et
596 1202 738 1236 natam
764 1194 1071 1236 delamentatur
1095 1194 1346 1249 ademptam.

356 1259 404 1293 ut
427 1265 526 1293 vero
551 1251 767 1292 ardentem
790 1250 913 1299 vidit,
939 1259 1087 1304 quater
1109 1250 1290 1306 impetus
1313 1249 1374 1291 illi

356 1308 400 1349 in
424 1307 584 1349 medios
608 1306 688 1348 fuit
710 1306 770 1348 ire
794 1321 938 1362 rogos:
964 1315 1112 1360 quater
1134 1306 1232 1348 inde
1255 1306 1450 1362 repulsus

358 1364 521 1406 concita
543 1363 732 1405 membra
755 1362 883 1418 fugae
906 1362 1079 1404 mandat
1102 1362 1332 1417 similisque
1354 1362 1548 1413 iuvenco,

267 1432 333 1465 335
359 1420 520 1475 spicula
544 1419 796 1461 crabronum
818 1433 963 1474 pressa
987 1418 1149 1461 cervice
1172 1418 1349 1474 gerenti,

358 1491 443 1530 qua
466 1476 534 1517 via
557 1475 692 1525 nulla,
716 1475 812 1517 ruit.
870 1475 1070 1516 iam'tum
1093 1474 1196 1516 mihi
1220 1489 1386 1518 currere
1410 1473 1526 1516 visus

356 1532 452 1588 plus
478 1531 645 1574 homine
670 1538 751 1581 est,
776 1531 947 1585 alasque
971 1531 1101 1587 pedes
1126 1530 1353 1587 sumpsisse
1376 1537 1560 1587 putares.

359 1587 508 1643 effugit
531 1602 631 1643 ergo
656 1602 821 1638 omnes,
845 1588 1053 1642 veloxque
1078 1587 1274 1643 cupidine
1297 1587 1370 1629 leti

358 1644 513 1687 vertice
537 1643 717 1686 Parnasi
740 1643 910 1699 potitur.
968 1643 1191 1686 miseratus
1214 1643 1387 1699 Apollo,

268 1714 336 1746 340
360 1715 455 1743 cum
481 1715 525 1743 se
549 1700 787 1743 Daedalion
813 1715 914 1742 saxo
938 1700 1119 1742 misisset
1143 1700 1197 1742 ab
1221 1701 1319 1750 alto,

357 1757 457 1799 fecit
482 1771 605 1799 avem
629 1764 675 1814 et
695 1756 843 1799 subitis
867 1756 1119 1812 pendentem
1144 1756 1311 1798 sustulit
1335 1755 1426 1806 alis,

359 1826 516 1867 oraque
541 1813 705 1854 adunca
729 1812 863 1862 dedit,
889 1826 1038 1854 curvos
1063 1812 1178 1855 dedit
1201 1811 1415 1868 unguibus
1439 1811 1600 1862 hamos,

359 1870 559 1911 virtutem
583 1869 818 1922 antiquam,
844 1869 1022 1911 maiores
1047 1882 1220 1924 corpore
1244 1869 1366 1910 vires.
1424 1918 1426 1921 p

361 1934 403 1968 et
425 1939 539 1967 nunc
564 1925 777 1980 accipiter,
801 1925 905 1966 nulli
930 1925 1029 1966 satis
1055 1939 1234 1979 aequus,
1257 1924 1302 1966 in
1326 1939 1472 1967 omnes

269 1995 335 2027 345
361 1982 492 2024 saevit
516 1996 634 2031 aves,
660 1981 835 2035 aliisque
860 1981 1006 2023 dolens
1029 1980 1076 2022 fit
1100 1995 1228 2023 causa
1252 1979 1448 2023 dolendi.’

417 2036 540 2091 Quae
566 2037 667 2078 dum
691 2037 893 2079 Lucifero
916 2037 1084 2092 genitus
1107 2037 1310 2079 miracula
1331 2042 1474 2079 narrat
1550 2035 1675 2071 Pele&
1690 2041 1723 2070 εἰ

360 2094 412 2136 de
437 2102 628 2136 consorte
652 2107 741 2142 suc,
766 2107 892 2135 cursu
915 2093 1092 2135 festinus
1116 2093 1266 2136 anhelo
1578 2081 1691 2126 lqu·

361 2150 529 2192 advolat
553 2149 729 2191 armenti
754 2157 892 2191 custos
915 2149 1111 2191 Phoceus
1135 2150 1300 2192 Anetor

361 2215 403 2248 et
427 2205 598 2255 ‘Peleu‚
623 2205 775 2247 Peleu!
801 2220 980 2261 magnae
1003 2206 1080 2247 tibi
1102 2206 1274 2248 nuntius
1299 2206 1448 2248 adsum

270 2274 336 2307 350
362 2262 508 2304 cladis'
534 2262 604 2303 ait.
663 2262 958 2316 quodcumque
983 2261 1108 2312 ferat,
1132 2262 1250 2304 iubet
1274 2262 1396 2305 edere
1419 2262 1589 2305 Peleus.

359 2318 516 2374 pendet
540 2326 581 2360 et
603 2318 694 2373 ipse
717 2326 833 2360 metu
857 2318 1008 2373 trepidi
1032 2318 1282 2361 Trachinius
1306 2319 1402 2360 oris.

360 2375 430 2417 ille
453 2374 600 2416 refert:
627 2374 778 2416 ‘fessos
804 2374 859 2416 ad
882 2375 1003 2416 litora
1027 2389 1155 2416 curva
1178 2375 1376 2418 iuvencos

361 2431 625 2487 appuleram,
649 2431 788 2473 medio
814 2445 909 2472 cum
937 2429 1011 2473 Sol
1036 2431 1261 2473 altissimus
1286 2431 1387 2474 orbe

360 2495 523 2528 tantum
546 2487 791 2542 respiceret,
817 2494 1022 2541 quantum
1047 2502 1264 2543 superesse
1288 2487 1461 2530 videret.

270 2556 335 2588 355
359 2557 541 2598 parsque
565 2543 695 2585 boum
718 2543 845 2585 fulvis
869 2557 1009 2598 genua
1031 2543 1250 2586 inclinarat
1273 2543 1439 2586 harenis

360 2601 624 2653 latarumque
647 2600 788 2641 iacens
813 2614 983 2655 campos
1008 2600 1224 2655 spectabat
1247 2614 1466 2654 aquarum,

361 2670 459 2711 pars
483 2656 685 2711 gradibus
710 2655 840 2697 tardis
863 2655 963 2698 illuc
987 2656 1153 2698 errabat
1177 2664 1218 2699 et
1241 2656 1353 2706 illuc,

360 2719 464 2752 nant
489 2711 558 2752 alii
584 2712 779 2766 celsoque
804 2719 948 2754 extant
972 2726 1098 2768 super
1122 2726 1305 2768 aequora
1329 2712 1448 2755 collo.

362 2767 518 2823 templa
542 2768 646 2809 mari
672 2768 850 2810 subsunt
873 2782 952 2811 nec
975 2783 1182 2812 marmore
1208 2769 1321 2812 clara
1342 2782 1479 2824 neque
1504 2782 1623 2820 auro,
