1786 3242
0 2953 37 3242 Wfflwrw
8 2866 29 2933 ‘³³¹‘-
9 2413 35 2850 mc-«w-amnswwae
15 2254 25 2268 ⁴-
19 2109 37 2231 μ
15 2030 27 2088 ss.
15 1986 40 2006 ς..
30 1531 32 1535 ἡ
26 1391 41 1480 ..
20 1143 21 1146 ⁴
18 1079 20 1083 ·

90 147 92 150 ν
122 145 146 155 νὴ

274 257 283 269 .
348 225 844 266 METAMORPHOSEON
867 227 964 263 LIB.
990 227 1095 265 XIV.
1123 227 1316 264 732—819.

75 323 83 335 ²
145 311 259 358 bolla
280 317 455 368 gerunt:
480 308 675 364 arcisque
699 307 770 350 via
793 307 978 364 Tarpeia
1002 308 1168 351 reclusa

142 369 321 469 dignam
345 366 532 410 animam
554 379 694 422 poena
717 365 929 420 congestis
954 365 1071 408 exuit
1095 365 1235 407 armis.

145 441 192 470 m

221 439 246 469 e
270 423 351 467 sati
374 421 564 466 Curibus
587 421 813 464 tacitorum
836 435 954 464 more
977 422 1176 477 luporum

65 524 68 527 .
143 496 220 526 ore
319 486 443 523 munt
465 492 592 522 voces
616 485 659 521 et
682 491 861 534 corpora
883 477 995 520 victa
1019 492 1170 534 sopore

64 579 66 581 ,
141 538 191 582 in
274 543 355 580 unt
433 542 605 591 rtasque
628 541 798 591 petunt,
823 548 930 589 quas
955 534 1075 577 obice
1099 534 1221 576 firmo

144 595 358 639 clauserat

462 592 551 635 des.
610 606 742 634 unam
765 598 908 634 tamen
932 590 1026 646 ipsa
1049 591 1222 633 reclusit

144 665 227 695 neo
249 649 473 707 strepitum
496 662 620 692 verso
645 646 849 691 Saturnia
873 647 1042 690 cardine
1066 647 1179 690 fecit.

62 719 64 723 ·
143 708 239 752 sola
260 706 411 751 Venus
491 712 583 748 rtae
607 704 810 748 cecidisse
833 704 1040 760 repagula
1065 704 1213 747 sensit:

63 779 65 782 ’
143 772 190 809 et
212 764 410 807 clausura
483 761 534 812 't,
559 761 642 804 nisi
665 761 782 817 quod
805 760 1045 804 rescindere
1068 774 1303 815 numquam

58 822 66 857 ἓ
142 820 215 864 dis
236 820 336 864 licet
359 826 456 863 acta
479 818 621 862 deum.
679 818 786 860 Iano
809 817 903 860 loca
926 817 1072 860 iuncta
1095 817 1296 860 tenebant

146 872 309 921 Naides
332 875 554 919 Ausoniae
577 874 720 932 gelido
744 873 930 917 rorantia
953 874 1089 916 fonte:

146 933 225 977 has
249 940 374 990 rogat
397 932 617 975 auxilium.
676 945 756 975 nec
779 930 994 987 nymphae
1018 930 1131 972 iusta
1154 936 1369 986 petentem

142 989 386 1034 sustinuere
409 989 554 1040 deam,
579 1002 796 1043 venasque
821 994 863 1031 et
886 987 1063 1030 flumina
1085 986 1216 1029 fontis

143 1046 331 1091 elicuere
354 1046 434 1089 sui.
493 1045 685 1088 nondum
708 1053 852 1088 tamen
875 1044 992 1087 invia
1014 1043 1111 1086 Iani
1272 1043 1277 1050 “

143 1118 224 1148 ora
276 1102 429 1146 atentis
453 1109 592 1153 erant,
615 1115 754 1157 neque
777 1101 858 1144 iter
911 1101 1168 1144 raecluserat
1192 1099 1320 1142 unda.

146 1118 288 1204 luridis
311 1166 558 1216 supponunt
580 1158 766 1201 fecundo
789 1158 884 1214 sulp
916 1173 994 1200 ura
1017 1157 1126 1199 fonti

145 1215 467 1272 incenduntque
490 1230 618 1259 cavas
641 1215 832 1257 fumante
857 1214 1064 1257 bitumine
1088 1228 1232 1256 venas.

147 1273 310 1316 viribus
333 1272 401 1315 his
425 1272 603 1328 aliisque
627 1287 762 1328 vapor
785 1271 1023 1327 penetravit
1048 1270 1103 1313 ad
1126 1270 1212 1312 ima

36 1341 49 1370 Ἀ
116 1368 117 1371 ,
144 1329 278 1373 fontis
285 1346 297 1380 ;
321 1337 365 1372 et
387 1329 549 1386 Alpino
574 1329 701 1371 modo
725 1343 836 1383 quae
860 1335 1021 1371 certare
1045 1327 1177 1394 rigori

145 1385 372 1430 audebatis
396 1400 553 1442 aquae,
578 1400 665 1428 non
689 1385 837 1428 ceditis
861 1384 1033 1441 ignibus
1056 1399 1173 1440 ipsis.

143 1442 402 1486 flammifera
423 1442 585 1499 gemini
608 1442 777 1484 fumant
801 1441 1024 1497 aspergine
1048 1448 1190 1497 postes
1198 1456 1209 1491 ;

206 1507 370 1555 rtaque,
393 1499 656 1555 nequiquam
679 1498 827 1554 rigidis
880 1497 1058 1540 romissa
1084 1496 1269 1546 Sabinis,

144 1513 267 1600 Εἴπω
290 1555 374 1599 fuit
394 1562 660 1612 praestructa
682 1570 809 1605 novo,
864 1570 937 1597 um
959 1554 1144 1597 Martius
1168 1569 1287 1596 arma

146 1613 345 1656 indueret
368 1612 503 1656 miles.
561 1626 672 1667 quae
727 1619 924 1666 ostquam
947 1611 1158 1655 Romulus
1181 1610 1292 1652 ultro

144 1669 322 1720 obtulit,
346 1676 390 1712 et
412 1675 544 1712 strata
567 1676 631 1712 est
654 1627 778 1712 telius
802 1668 998 1711 Romana
1023 1666 1195 1711 Sabinis

51 1726 55 1730 ’
75 1744 78 1745 ’
147 1725 397 1793 corporibus
421 1732 553 1769 strata
576 1733 725 1792 estque
749 1725 856 1775 suis,
880 1724 1112 1781 generique
1137 1738 1330 1767 cruorem

146 1797 358 1839 sanguine
382 1796 481 1825 cum
503 1796 639 1825 socen
662 1782 909 1838 permiscuit
931 1781 1086 1837 impius
1112 1781 1245 1824 ensis:

148 1854 256 1896 pace
279 1846 420 1882 tamen
446 1838 538 1882 sisti
561 1838 742 1889 bellum,
767 1852 847 1881 nec
870 1838 915 1880 in
939 1838 1089 1880 ultima
1111 1837 1224 1881 ferro

145 1896 366 1940 decertare
419 1895 548 1947 lacet,
573 1895 833 1951 Tatiumque
858 1894 1059 1938 accedere
1083 1909 1229 1951 regno.
1254 1918 1312 1924 —

145 1951 363 1996 occiderat
427 1952 556 2002 atius,
580 1952 834 2009 populisque
859 1959 1042 2007 aequata
1065 1951 1246 2002 duobuS‚

150 2009 355 2059 Romule,
379 2009 474 2052 iura
497 2009 644 2052 dabas.
704 2009 842 2065 posita
866 2023 965 2051 cum
988 2008 1152 2051 casside
1176 2007 1354 2051 Mavors

147 2065 307 2109 talibus
330 2065 502 2108 adfatur
525 2065 756 2121 divumque
780 2065 1087 2120 hominumque
1110 2071 1350 2121 parentem:

147 2127 340 2222 ‘temffis
365 2121 505 2173 adest,
527 2122 706 2179 genitor,
732 2122 933 2177 quoniam
958 2121 1206 2165 fundamine
1230 2136 1386 2178 magno

149 2194 219 2222 res
311 2193 439 2221 mana
462 2179 577 2222 valet
599 2193 679 2222 nec
702 2178 896 2235 praeside
920 2179 1077 2235 pendet
1101 2178 1157 2220 ab
1180 2193 1280 2228 uno,

148 2235 360 2292 praemia,
385 2249 496 2290 quae
519 2235 728 2292 promissa
750 2235 855 2277 mihi
879 2235 1094 2292 dignoque
1118 2235 1275 2291 nepoti,

148 2292 334 2342 solvere,
359 2299 402 2335 et
425 2292 616 2334 ablatum
639 2292 760 2335 terris
784 2292 1000 2348 imponere
1025 2292 1156 2335 caelo.

150 2356 200 2392 tu
222 2348 327 2392 mihi
356 2349 534 2392 concilio
558 2349 773 2404 quondam
797 2356 1019 2405 praesente
1043 2348 1220 2392 deorum

147 2405 272 2460 (nam
294 2420 503 2456 memoro,
527 2406 789 2460 memorique
814 2406 954 2448 animo
977 2405 1049 2462 pia
1072 2405 1203 2448 verba
1226 2405 1391 2461 notavi)

148 2466 298 2505 “unus
322 2462 419 2512 erit,
445 2476 574 2518 quem
597 2470 644 2504 tu
668 2462 789 2506 tolles
812 2462 858 2505 in
881 2463 1052 2506 caerula
1074 2461 1212 2505 caeli'‘

151 2518 315 2561 dixisti:
339 2526 433 2562 rata
457 2519 511 2562 sit
532 2519 760 2562 verborum
784 2535 951 2562 summa
974 2519 1172 2562 tuorum.’

149 2574 302 2618 adnuit
326 2573 629 2632 Omnipotens,
655 2584 698 2620 et
720 2576 906 2619 nubibus
931 2580 1030 2619 aera
1054 2576 1190 2619 caecis

150 2631 340 2675 occuluit
362 2632 605 2689 tonitruque
630 2641 673 2676 et
694 2633 865 2690 fulgure
889 2633 1038 2676 terruit
1060 2632 1224 2676 urbem.

149 2702 263 2744 quae
287 2688 369 2732 sibi
392 2690 624 2746 promissae
649 2691 778 2733 sensit
802 2690 901 2732 data
926 2691 1047 2747 signa
1070 2689 1258 2746 rapinae,

149 2743 408 2804 innixusque
433 2745 580 2791 hastae
604 2762 773 2805 pressos
798 2755 966 2791 temone
992 2755 1167 2791 cruento

1440 217 1526 261 253

1551 549 1618 581 780

1551 830 1616 862 785

1553 1113 1619 1145 790

1554 1397 1620 1429 795

1553 1681 1622 1713 800

1554 1965 1621 1997 805

1554 2249 1622 2281 810

1553 2532 1621 2565 815
