1774 3256
2 859 33 1149 ‘v¹>‘**—'*⁹-†·-kffl?5'3;3‹52:'
0 758 32 813 „2⁴:58⁴
4 710 30 740 J„
2 693 4 698 ’
0 655 11 669 ·”
5 533 32 640 ‘fa-·.'
4 431 27 514 5³:23⁴„
18 371 19 374 „
28 347 29 350 „
31 321 34 324 ἢ
12 282 36 291 λ·
15 263 16 266 Α

49 208 57 211 x
46 153 49 163 2
51 136 54 137 ,
51 78 54 81 .

301 234 798 273 METAMORPHOSEON
820 235 918 272 LIB.
944 235 1010 273 VI.
1038 235 1231 273 105-192.
1400 224 1457 268 93

79 325 174 362 tum
197 331 296 362 oum
318 316 565 360 Maeoniam
589 318 711 374 virgo
737 316 1021 374 Sipylumque
1046 317 1230 360 colebat:

80 389 161 420 noo
181 381 327 418 tamen
348 373 566 417 admonita
589 382 653 417 est
674 389 815 431 poena
838 389 894 431 po
925 374 1054 417 ularis
1078 373 1302 417 Arachnes
1483 385 1550 419 150

79 431 232 477 cedere
255 430 478 474 caelitibus
499 431 726 487 verbisque
750 431 903 474 minori
933 446 984 474 us
1008 431 1084 473 uti.

81 487 400 533 multa'dabant
421 487 600 531 animos.
659 489 735 532 sed
759 488 871 531 enim
894 502 974 531 nec
998 487 1192 544 coniugis
1217 495 1342 539 artes,

79 559 162 591 neo
238 560 320 588 nus
344 544 567 588 amborum
589 545 820 602 magnique
843 545 1033 601 potentia
1055 545 1178 601 regni

80 597 194 659 flio'p
210 615 363 646 acuere
386 601 448 644 illi
470 600 685 657 (quamvis
710 617 761 644 ea
785 609 938 644 cuncta
961 601 1211 658 placerent),

80 666 131 703 ut
153 674 232 702 sua
253 672 331 716 pro
363 659 492 702 enies.
551 665 594 701 et
616 658 860 701 felicissima
883 667 1068 700 matrum
1485 670 1551 704 155

79 714 196 760 dicta
217 715 329 759 foret
392 715 504 766 iobe,
528 715 565 757 si
586 730 672 757 non
696 715 778 757 sibi
800 715 893 757 visa
915 714 1080 757 fuisset.

79 787 182 817 nam
206 779 299 815 sata
320 771 488 815 Tiresia
510 772 678 815 venturi
700 771 892 828 praescia
914 771 1067 813 Manto

79 844 159 888 per
179 828 342 872 medias
365 828 525 880 fuerat,
550 828 694 871 divino
719 828 884 871 concita
907 835 1040 878 motu,

81 885 312 931 vaticinata
334 885 443 928 vias:
470 885 738 936 ‘Ismenides,
762 885 820 928 ite
844 885 1089 939 frequentes

80 950 126 996 et
147 942 246 987 date
268 942 464 986 Latonae
487 941 852 999 Latonigenisque
877 941 1044 984 duobus
1486 956 1553 990 160

81 1014 181 1044 cum
203 1013 330 1057 prece
353 1006 450 1042 tura
472 999 543 1056 pia
565 1000 772 1055 lauroque
795 998 996 1042 innectite
1020 998 1199 1041 crinem!

79 1071 156 1101 ore
178 1071 274 1100 meo
297 1056 469 1099 Latona
490 1056 635 1099 iubet!
693 1062 878 1113 paretur,
903 1063 946 1098 et
968 1070 1115 1099 omnes

81 1113 326 1158 Thebaides
348 1113 475 1156 iussis
499 1128 578 1156 sua
601 1121 793 1169 tempora
816 1113 1038 1155 frondibus
1063 1119 1228 1162 ornant,

3 1165 26 1220 ζ’
79 1177 264 1227 turaque
287 1170 390 1213 dant
413 1170 569 1213 sanctis
593 1179 636 1213 et
659 1170 791 1213 verba
814 1169 1032 1226 precantia
1055 1169 1250 1212 flammis.

14 1266 23 1275 ,,
81 1242 183 1272 ecce
206 1227 324 1271 venit
347 1227 552 1270 comitum
574 1227 714 1270 Niobe
739 1227 1013 1269 celeberrima
1036 1227 1174 1276 turba,
1486 1241 1552 1274 165

81 1284 273 1328 vestibus
296 1284 459 1328 intexto
481 1284 683 1341 Phrygiis
707 1283 949 1340 spectabilis
974 1298 1092 1334 auro,

80 1348 140 1393 et,
164 1348 375 1398 quantum
396 1341 460 1385 ira
483 1341 601 1393 sinit,
625 1341 832 1391 formosa,
858 1355 1118 1395 movensque
1144 1340 1298 1383 decoro

81 1413 182 1442 oum
205 1398 344 1456 capite
367 1398 579 1441 immissos
602 1413 798 1441 umerum
821 1413 897 1454 per
921 1405 1148 1453 utrumque
1173 1398 1361 1454 capillos.

81 1455 282 1499 constitit.
340 1462 472 1511 utque
497 1456 642 1498 oculos
667 1455 925 1499 circumtulit
950 1456 1036 1497 alta
1060 1455 1279 1510 superbos,

82 1512 200 1569 ‘quis
222 1512 355 1564 furor,
379 1512 564 1556 auditos’
588 1512 727 1567 inquit
750 1517 1031 1568 ‘praeponere
1055 1511 1156 1554 visis
1487 1526 1554 1559 170

81 1569 313 1613 caelestes?
347 1577 423 1612 aut
446 1584 523 1612 cur
545 1569 697 1612 colitur
719 1569 891 1611 Latona
914 1584 991 1625 per
1013 1584 1122 1619 aras,

83 1641 244 1670 numen
268 1625 408 1669 adhuc
431 1626 523 1670 sine
546 1633 639 1669 ture
662 1642 806 1669 meum
831 1626 920 1669 est?
955 1625 1059 1668 mihi
1082 1626 1290 1669 Tantalus
1315 1633 1477 1678 auctor,

11 1699 21 1707 ⁴<
82 1683 154 1727 cui
175 1682 296 1726 licuit
317 1683 396 1726 soli
421 1698 670 1740 superorum
694 1691 870 1739 tangere
894 1698 1063 1726 mensas
1070 1699 1081 1733 ;

82 1739 311 1784 Pleiadum
333 1754 454 1783 soror
476 1747 541 1783 est
563 1740 758 1797 genetrix
781 1755 896 1791 mea;
921 1740 1134 1782 maximus
1158 1740 1284 1783 Atlas

82 1805 150 1841 est
173 1812 298 1849 avus,
322 1797 559 1840 aetherium
583 1797 655 1853 qui
679 1797 763 1840 fert
787 1797 1021 1840 cervicibus
1047 1812 1191 1848 axem3
1491 1812 1554 1845 175

83 1854 278 1912 Iuppiter
300 1854 408 1898 alter
430 1869 556 1897 avus:
581 1869 728 1897 socero
753 1868 924 1909 quoque
947 1854 1107 1910 glorior
1129 1854 1214 1896 illo.

82 1927 154 1955 me
173 1917 327 1968 gentes
349 1918 546 1954 metuunt
567 1910 804 1968 Phrygiae,
829 1926 898 1954 me
921 1911 1041 1967 regia
1066 1909 1222 1954 Cadmi

83 1968 167 2012 sub
190 1968 364 2011 domina
387 1976 470 2020 est,
493 1968 736 2024 fidibusque
759 1968 845 2011 mei
869 1968 1094 2011 commissa
1116 1968 1258 2010 mariti

84 2025 255 2071 moenia
276 2039 375 2069 cum
398 2026 566 2083 populis
590 2041 617 2068 a
640 2040 794 2081 meque
818 2025 994 2081 viroque
1018 2033 1237 2082 reguntur.

83 2082 131 2126 in
152 2096 468 2138 quamcumque
492 2083 644 2126 domus
668 2083 832 2126 adverti
855 2082 1018 2125 lumina
1041 2089 1219 2138 partem,
1490 2098 1557 2132 180

83 2139 318 2183 immensae
341 2147 588 2196 spectantur
610 2155 726 2196 opes.
787 2139 950 2182 accedit
974 2139 1125 2182 eodem

84 2196 218 2253 digna
241 2196 322 2239 dea
344 2196 489 2240 facies.
547 2197 632 2240 huc
655 2205 776 2239 natas
802 2196 920 2240 adice
945 2204 1109 2253 septem

85 2260 131 2297 et
153 2253 330 2297 totidem
351 2253 545 2304 iuvenes,
570 2262 613 2297 et
635 2269 736 2296 mox
759 2269 1024 2311 generosque
1049 2268 1279 2309 nurusque.

85 2310 278 2367 quaerite
300 2325 436 2362 nunc,
458 2310 616 2355 habeat
639 2326 769 2366 quam
792 2318 937 2353 nostra
961 2310 1160 2366 superbia
1184 2326 1372 2363 causam,

85 2367 231 2411 nescio
253 2382 426 2423 quoque
449 2368 603 2412 audete
627 2376 763 2411 satam
786 2367 988 2410 Titanida
1013 2366 1130 2410 Coeo
1491 2382 1556 2416 135

86 2423 304 2467 Latonam
326 2424 540 2481 praeferre
564 2425 687 2475 mihi,
713 2425 782 2468 cui
805 2425 990 2467 maxima
1014 2425 1230 2479 quondam

86 2481 290 2538 exiguam
313 2482 458 2525 sedem
480 2482 695 2538 pariturae
718 2489 830 2524 terra
852 2481 1042 2538 negavit!

86 2553 168 2581 nec
191 2538 310 2582 caelo
332 2553 414 2581 nec
436 2538 566 2581 humo
589 2554 669 2581 nec
693 2539 814 2593 aquis
839 2539 919 2581 dea
943 2546 1084 2581 vestra
1106 2547 1276 2596 recepta
1300 2547 1383 2592 est3

90 2596 190 2638 exul
214 2601 306 2638 erat
326 2595 495 2646 mundi,
519 2596 656 2638 donec
678 2596 878 2638 miserata
900 2603 1130 2652 vagantem

89 2651 203 2695 “hos
233 2652 294 2694 ita
317 2658 365 2695 tu
388 2652 510 2695 terris
535 2668 670 2703 erras,
696 2653 809 2710 ego'’
835 2652 941 2695 dixit
966 2653 1044 2695 “in
1067 2653 1234 2704 undis‚'’
1491 2668 1558 2701 190

87 2707 200 2752 insta
230 2709 414 2764 ilemque
437 2710 579 2752 locum
603 2709 736 2753 Delos
760 2710 888 2752 dedit.
947 2710 1020 2752 illa
1043 2710 1226 2752 duorum

88 2765 205 2810 facta
226 2781 400 2825 parens:
426 2767 535 2811 uteri
559 2782 658 2824 pars
681 2767 787 2812 haec
811 2775 875 2811 est
898 2767 1078 2825 septima
1100 2768 1248 2812 nostri.
