1774 3256
278 586 342 618 175

281 864 344 896 180

278 1145 343 1178 185

277 1425 343 1458 190

275 1706 339 1738 195

272 1988 338 2019 200

271 2269 334 2300 205

269 2550 334 2582 210

368 259 423 302 78
810 267 854 302 Ρ.
880 265 1044 303 OVIDII
1067 265 1283 302 NASONIS

366 363 451 392 non
475 346 783 402 circumspectis
808 355 1001 389 exactum
1024 346 1182 388 viribus
1206 361 1350 389 ensem

367 404 512 460 fregit,
537 412 578 446 et
602 411 789 446 extrema
812 417 1036 458 percussae
1060 409 1178 458 parte
1203 402 1422 445 columnae
1479 429 1482 431 v

367 460 522 502 lamina
546 459 726 501 dissiluit
750 458 990 513 dominique
1013 458 1056 500 in
1079 465 1250 514 gutture
1271 458 1358 501 fixa
1380 464 1456 501 est.

368 530 452 557 non
475 523 616 557 tamen
640 515 694 557 ad
717 515 847 557 letum
872 529 1021 557 causas
1044 514 1145 556 satis
1167 514 1239 556 illa
1262 515 1450 557 valentes

396 572 493 627 laga
518 571 643 613 dedit.
702 571 911 627 trepidum
934 570 1118 613 Perseus
1141 578 1182 613 et
1204 570 1353 613 inertia
1375 570 1536 613 frustra

367 587 563 670 bracchia
587 627 825 670 tendentem
844 625 1064 682 Cyllenide
1088 626 1273 669 confodit
1295 626 1439 682 harpe.

367 698 515 726 verum
538 683 610 725 ubi
635 684 831 726 virtutem
854 684 1001 726 turbae
1026 683 1298 725 succumbere
1323 682 1440 733 vidit,

368 740 616 789 ‘auxilium‚'
640 739 822 782 Perseus
848 740 1065 794 ‘quoniam
1090 739 1148 781 sic
1173 739 1319 794 cogitis
1342 738 1450 794 ipsi‚'

368 796 472 837 dixit
495 797 569 838 ‘ab
592 796 711 838 hoste
735 803 888 852 petam.
947 797 1087 837 vultus
1112 795 1287 838 avertite
1310 802 1484 844 vestros,

369 852 403 894 si
427 852 519 907 quis
545 852 703 895 amicus
729 851 864 894 adestl
877 852 887 870 '
912 859 954 894 et
979 851 1191 908 Gorgonis
1215 851 1363 894 extulit
1386 865 1472 893 ora.

371 913 544 962 ‘quaere
569 909 716 958 alium,
741 916 813 950 tua
837 922 963 963 quem
986 915 1183 950 moveant
1204 907 1423 950 miracula’
1448 907 1555 950 dixit

367 964 616 1007 Thescelus:
641 972 771 1019 utque
795 980 922 1006 manu
945 964 1130 1006 iaculum
1153 964 1281 1006 fatale
1304 963 1480 1019 parabat
1507 968 1510 972 '

367 1021 549 1070 mittere,
573 1021 617 1062 in
641 1021 720 1063 hoc
742 1021 876 1063 haesit
900 1021 1068 1076 signum
1092 1020 1144 1063 de
1167 1034 1375 1062 marmore
1398 1026 1537 1075 gestu.

367 1077 582 1132 proximus
606 1077 703 1119 huic
727 1077 901 1132 Ampyx
926 1077 1053 1118 animi
1077 1075 1319 1132 plenissima
1341 1075 1487 1132 magni

367 1141 537 1188 pectora
561 1133 778 1188 Lyncidae
802 1133 943 1188 gladio
967 1133 1090 1189 petit:
1113 1132 1240 1187 inque
1264 1131 1446 1188 petendo

368 1189 539 1231 dextera
564 1189 765 1245 deriguit3
790 1204 868 1231 nec
893 1189 996 1231 citra
1018 1195 1133 1230 mota
1154 1203 1234 1231 nec
1256 1189 1367 1230 ultra
1390 1194 1467 1231 est.

367 1253 410 1287 at
434 1245 601 1295 Nileus,
626 1245 699 1300 qui
723 1260 767 1287 se
791 1246 980 1300 genitum
1005 1245 1274 1301 septemplice
1297 1244 1396 1287 Nilo

367 1302 588 1343 ementitus
613 1308 719 1351 erat,
745 1302 877 1357 clipeo
901 1315 1070 1356 quoque
1093 1301 1267 1343 flumina
1290 1308 1452 1357 septem

367 1364 540 1413 argento
564 1358 735 1412 partim,
760 1358 911 1413 partim
937 1359 1170 1400 caelaverat
1194 1372 1310 1406 auro,

368 1414 554 1469 ‘aspice‚'
580 1414 638 1455 ait
663 1413 860 1464 ‘Perseu,
884 1421 1052 1456 nostrae
1075 1414 1303 1469 primordia
1326 1413 1485 1470 gentis:

365 1485 521 1525 magna
544 1470 653 1512 feres
678 1471 824 1512 tacitas
849 1471 1003 1513 solacia
1026 1471 1169 1512 mortis
1194 1470 1248 1512 ad
1271 1470 1456 1520 umbras,

366 1541 391 1567 a
415 1533 531 1568 tanto
557 1526 756 1568 cecidisse
779 1527 895 1568 viro.’
954 1542 1051 1582 pars
1075 1527 1222 1568 ultima
1246 1526 1359 1568 vocis

364 1582 408 1623 in
431 1583 569 1625 medio
595 1598 819 1638 suppressa
844 1598 945 1624 sono
970 1590 1050 1632 est,
1075 1583 1358 1638 adapertaque
1382 1582 1490 1625 velle

365 1653 438 1680 ora
461 1639 576 1693 loqui
601 1640 765 1688 credas,
790 1654 867 1682 nec
892 1646 989 1681 sunt
1015 1654 1066 1682 ea
1088 1639 1233 1695 pervia
1256 1639 1408 1681 verbis.

363 1694 551 1750 increpat
574 1695 651 1737 hos
676 1695 899 1750 ‘vitio'que
924 1695 1072 1738 ‘animi
1080 1727 1092 1746 ,
1116 1711 1200 1738 non
1223 1695 1402 1738 viribus’
1426 1694 1564 1750 inquit

365 1750 623 1807 ‘Gorgoneis
647 1751 839 1806 torpetis’
864 1751 996 1807 Eryx.
1056 1752 1272 1794 ‘incurrite
1296 1765 1463 1794 mecum

364 1814 406 1848 et
429 1807 676 1862 prosternite
699 1807 818 1849 humi
841 1808 1036 1850 iuvenem
1060 1808 1226 1864 magica
1250 1823 1366 1850 arma
1388 1807 1670 1851 moventeml’

363 1863 605 1905 incursurus
630 1871 718 1906 erat
740 1889 797 1894 —
821 1865 955 1906 tenuit
978 1864 1157 1920 vestigia
1181 1865 1317 1914 tellus,

362 1919 644 1975 immotusque
669 1920 772 1962 silex
797 1928 1040 1975 armataque
1063 1920 1218 1962 mansit
1239 1920 1394 1976 imago.

362 1975 405 2016 hi
430 1983 571 2018 tamen
596 1991 647 2018 ex
671 1976 819 2018 merito
842 1991 1000 2032 poenas
1026 1977 1202 2019 subiere.
1262 1977 1336 2019 sed
1359 1991 1470 2019 unus

362 2031 480 2073 miles
505 2039 594 2074 erat
617 2032 782 2082 Persei,
806 2047 883 2088 pro
907 2047 990 2087 quo
1015 2033 1116 2074 dum
1139 2040 1321 2099 pugnat,
1345 2033 1578 2084 Aconteus,

363 2086 564 2143 Gorgone
589 2096 812 2144 conspecta
836 2097 938 2130 saxo
962 2097 1174 2132 concrevlt
1196 2089 1356 2131 oborto.

361 2158 487 2198 quem
511 2151 626 2186 ratus
650 2145 864 2200 Astyages
889 2145 1116 2187 etiamnum
1141 2146 1302 2196 vivere,
1325 2146 1453 2202 longo

361 2215 459 2242 ense
483 2200 591 2242 ferit.
651 2201 789 2243 sonuit
813 2201 1031 2243 tinnitibus
1055 2202 1166 2244 ensis
1191 2202 1336 2244 acutis.

361 2257 461 2297 dum
486 2263 624 2312 stupet
648 2258 881 2313 Astyages,
906 2265 1099 2300 naturam
1122 2258 1248 2300 traxit
1272 2258 1468 2301 eandem:

361 2327 676 2367 marmoreoque
700 2322 842 2356 manet
867 2315 1008 2356 vultus
1031 2315 1219 2356 mirantis
1243 2314 1285 2356 in
1310 2329 1394 2357 ore.

358 2369 529 2411 nomina
551 2370 680 2425 longa
703 2384 822 2412 mora
846 2378 909 2412 est
932 2370 1070 2412 media
1094 2371 1146 2413 de
1169 2370 1292 2426 plebe
1315 2370 1502 2413 virorum

359 2425 509 2467 dicere.
567 2425 633 2467 bis
658 2433 826 2468 centum
848 2427 1063 2469 restabant
1087 2441 1261 2482 corpora
1283 2441 1472 2483 pugnae:

360 2480 562 2537 Gorgone
586 2482 651 2523 bis
677 2490 843 2525 centum
867 2483 1086 2538 riguerunt
1110 2497 1284 2538 corpora
1307 2483 1411 2526 visa.

357 2538 540 2592 paenitet
564 2538 707 2580 iniusti
732 2546 832 2580 tunc
857 2539 1037 2593 denique
1065 2539 1230 2582 Phinea
1253 2539 1364 2582 belli.

359 2594 432 2635 sed
458 2594 559 2647 quid
584 2595 708 2649 agat?
743 2595 966 2637 simulacra
989 2595 1104 2637 videt
1129 2595 1294 2637 diversa
1316 2595 1463 2651 figuris

358 2650 632 2704 agnoscitque
657 2665 774 2700 suos,
800 2658 841 2693 et
864 2651 1033 2694 nomine
1057 2666 1266 2706 quemque
1290 2659 1486 2695 vocatum

357 2705 491 2760 poscit
515 2720 656 2761 opem,
682 2707 939 2762 credensque
963 2722 1111 2764 pamm
1137 2708 1216 2749 sibi
1239 2708 1430 2764 proxima
1453 2709 1591 2764 tangit

358 2776 543 2817 corpora.
604 2777 786 2804 marmor
809 2771 938 2806 erant.
999 2764 1213 2815 avertitur,
1238 2771 1363 2820 atque
1385 2764 1446 2808 ita
1469 2766 1647 2822 supplex
