1774 3256
259 370 330 402 800

307 931 331 962 ὃ

288 1212 333 1244 10

288 1493 332 1524 15

286 1774 333 1807 20

287 2056 332 2088 25

286 2339 332 2370 30

286 2618 331 2649 35

355 266 411 308 74
798 273 841 308 P.
869 271 1034 309 OV1D11
1057 271 1273 308 NASONIS

356 354 488 412 [nunc
512 369 699 410 quoque,
723 360 771 395 ut
795 353 991 395 attonitos
1015 352 1238 394 formidine
1262 360 1415 395 terreat
1438 352 1594 405 hostes,

353 420 521 467 pectore
544 411 588 453 in
612 411 789 453 adverso
813 423 920 464 quos
944 409 1045 452 fecit
1069 409 1245 451 sustinet
1269 407 1482 466 angues.]

822 587 977 623 LIBER
1000 586 1237 631 QUINTUS.

354 692 558 746 Dumque
582 706 632 734 ea
656 690 906 747 Cephenum
930 692 1070 733 medio
1094 691 1311 734 Danaeius
1336 691 1459 735 heros
1526 701 1717 746 (Phineus.)

354 748 522 804 agmine
547 757 863 797 commemorat,
887 748 1065 790 fremida
1089 749 1246 804 regalia
1270 748 1395 791 turba.

355 805 460 847 atria
484 805 757 861 complentur.
816 819 895 847 nec
918 804 1172 871 coniugialia
1195 805 1304 847 festa

355 862 428 916 qui
453 869 593 911 canat,
618 869 682 903 est
706 862 876 910 clamor,
901 861 975 903 sed
1000 862 1072 915 qui
1096 861 1186 903 fera
1209 861 1374 904 nuntiet
1397 875 1535 904 arma:

355 918 483 972 inque
506 917 745 973 repentinos
770 917 964 959 convivia
987 933 1109 959 versa
1132 918 1336 959 tumultus

355 974 601 1017 assimulare
619 976 727 1017 freto
741 974 894 1030 possis,
920 974 1032 1027 quod
1059 988 1183 1016 saeva
1207 974 1398 1028 quietum

355 1038 578 1073 ventorum
601 1030 738 1072 rabies
762 1030 885 1072 motis
910 1038 1130 1085 exasperat
1153 1030 1290 1072 undis.

385 1087 515 1128 rimus
538 1087 582 1128 in
606 1087 671 1128 his
694 1086 903 1136 Phineus,
927 1086 1028 1128 belli
1050 1087 1296 1129 temerarius
1320 1093 1478 1136 auctor,

354 1102 588 1185 Praxineam
613 1143 804 1197 quatiens
830 1150 994 1184 aeratae
1019 1143 1203 1198 cuspidis
1227 1143 1404 1191 hastam,

357 1204 442 1249 ‘en‚
446 1200 455 1216 ’
481 1199 539 1240 ait
563 1204 635 1242 ‘en
660 1199 808 1240 adsum
831 1206 1075 1254 praereptae
1100 1199 1291 1255 coniugis
1314 1199 1437 1241 ultor.

355 1270 434 1298 nec
457 1255 560 1296 mihi
583 1263 625 1297 te
649 1270 831 1329 pennae,
856 1269 934 1297 nec
958 1255 1111 1297 falsum
1135 1270 1281 1298 versus
1305 1256 1349 1297 in
1373 1269 1523 1298 aurum

354 1312 547 1392 Iuppiter
570 1312 742 1385 eripiet?
802 1312 970 1354 conanti
992 1312 1156 1354 mittere
1181 1310 1380 1368 Cepheus

356 1368 479 1422 ‘quid
502 1368 650 1410 facis?
677 1368 919 1410 exclamat‘
927 1382 1036 1422 quae
1060 1375 1120 1418 te,
1145 1383 1358 1424 germane,
1382 1368 1594 1411 furentem

355 1440 473 1466 mens
499 1425 586 1480 agit
608 1424 653 1465 in
676 1424 866 1466 facinus?
890 1425 1103 1466 meritisne
1127 1425 1231 1467 haec
1254 1425 1391 1481 gratia
1414 1425 1540 1467 tantis

357 1481 570 1523 redditur?
593 1480 672 1522 hac
697 1481 827 1522 vitam
851 1488 1039 1523 servatae
1064 1481 1161 1523 dote
1184 1481 1406 1537 rependis?

357 1552 485 1591 quam
509 1536 585 1578 tibi
608 1551 692 1578 non
716 1536 918 1587 Perseus,
943 1552 1091 1579 verum
1115 1537 1150 1579 si
1172 1538 1359 1593 quaeris,
1384 1537 1552 1587 ademit,

356 1594 432 1636 sed
454 1608 584 1649 grave
608 1593 838 1636 Nereidum
863 1608 1040 1644 numen,
1065 1595 1140 1636 sed
1164 1594 1356 1650 corniger
1379 1595 1609 1644 Hammon,

356 1650 430 1692 sed
454 1664 563 1704 quae
587 1650 817 1692 visceribus
841 1650 1037 1692 veniebat
1060 1650 1185 1693 belua
1208 1651 1326 1707 ponti

356 1706 637 1748 exsaturanda
660 1706 777 1748 meis.
836 1706 908 1747 illo
933 1707 1009 1748 tibi
1032 1714 1220 1762 tempore
1244 1715 1364 1763 rapta
1387 1714 1464 1758 est,

357 1776 440 1816 quo
465 1763 650 1818 peritura
672 1762 771 1804 fuit.
796 1763 876 1804 nisi
902 1763 955 1811 si,
980 1763 1181 1813 erudelis,
1206 1763 1285 1804 id
1273 1779 1412 1819 ipsum

357 1819 510 1874 exigis,
534 1826 582 1860 ut
605 1827 768 1874 pereat,
793 1819 993 1873 luctuque
1016 1795 1211 1862 levabere
1234 1828 1391 1862 nostro.

356 1875 514 1917 scilicet
536 1874 651 1916 haud
675 1875 774 1917 satis
799 1882 880 1924 est,
905 1876 1019 1929 quod
1043 1883 1084 1918 te
1108 1883 1322 1931 spectante
1345 1875 1531 1918 revincta
1554 1883 1632 1926 est,

356 1938 399 1973 et
421 1931 578 1972 nullam
604 1931 718 1986 quod
741 1946 865 1986 opem
889 1939 1063 1987 patruus
1087 1946 1318 1987 sponsusve
1342 1932 1492 1974 tulisti:

355 1987 539 2043 insuper,
565 2003 589 2028 a
613 2002 824 2042 quoquam
849 1988 963 2042 quod
986 1988 1040 2030 sit
1063 1998 1241 2038 servata,
1266 1989 1427 2031 dolebis

356 2044 626 2099 praemiaque
651 2043 825 2099 eripies?
861 2059 969 2098 quae
995 2045 1029 2086 si
1053 2045 1128 2086 tibi
1152 2060 1308 2100 magna
1331 2045 1539 2095 videntur,

357 2115 410 2142 ex
434 2100 514 2141 illis
540 2100 740 2165 scopulis,
764 2100 837 2142 ubi
862 2108 979 2142 erant
1003 2101 1161 2150 adfixa,
1186 2102 1374 2157 petisses.

355 2170 468 2198 nunc
492 2156 601 2206 sine,
632 2157 705 2210 qui
728 2157 866 2211 petiit,
896 2172 972 2212 per
995 2171 1123 2211 quem
1146 2157 1250 2200 haec
1273 2173 1358 2200 non
1381 2158 1485 2200 orba
1508 2164 1715 2208 senectus,

355 2212 484 2262 ferre,
509 2213 623 2266 quod
646 2220 689 2255 et
711 2213 869 2255 meritis
894 2221 934 2255 et
959 2228 1061 2255 voce
1086 2221 1148 2257 est
1170 2221 1337 2270 pactus·
1362 2227 1544 2270 eumque

355 2283 439 2310 non
462 2269 557 2318 tibi,
583 2269 658 2311 sed
682 2277 819 2311 certae
843 2270 1076 2325 praelatum
1099 2270 1295 2326 intellege
1318 2271 1469 2321 morti'

355 2325 425 2367 ille
448 2325 552 2366 nihil
575 2332 737 2376 contra3
764 2326 838 2368 sed
862 2333 903 2368 et
926 2326 1039 2368 hunc
1062 2334 1103 2368 et
1125 2326 1284 2369 Persea
1306 2319 1427 2369 vultu

355 2382 514 2423 alterno
540 2389 750 2437 spectans,
776 2390 890 2437 petat
913 2382 1045 2432 hu'nc,
1069 2382 1253 2438 ignorat,
1278 2398 1333 2425 an
1355 2383 1491 2427 illum:

356 2445 660 2492 cunctatusque
684 2438 802 2481 brevi
826 2446 1058 2481 contortam
1082 2439 1241 2481 viribus
1265 2439 1442 2490 hastam,

356 2501 536 2548 quantas
558 2494 621 2536 ira
645 2495 791 2545 dabat,
815 2496 1073 2549 nequiquam
1095 2496 1138 2536 in
1162 2495 1320 2538 Persea
1343 2496 1468 2538 misit.

356 2558 405 2592 ut
428 2550 542 2592 stetit
564 2551 636 2592 illa
659 2554 767 2600 toro,
793 2552 932 2593 stratis
956 2559 1047 2593 tum
1071 2551 1252 2606 denique
1275 2552 1458 2595 Perseus

357 2606 520 2655 exiluit,
545 2607 712 2671 teloque
736 2607 890 2649 ferox
878 2607 1047 2649 mimica
1069 2608 1243 2650 remisso

356 2670 527 2726 pectora
550 2663 748 2717 rupisset,
773 2664 853 2705 nisi
877 2672 972 2719 post
996 2665 1141 2706 altaria
1163 2664 1352 2707 Phineus

355 2718 475 2759 isset:
502 2725 560 2768 et,
584 2718 822 2774 indignum!
849 2721 1049 2762 scelerato
1072 2721 1229 2787 profuit
1254 2736 1337 2763 ara.

355 2774 492 2818 fronte
518 2782 659 2818 tamen
673 2754 837 2820 Rhoeti
861 2791 946 2820 non
970 2777 1085 2821 irrita
1109 2777 1247 2834 cuspis
1274 2777 1476 2822 adhaesit.
