1786 3242
335 247 830 288 METAMORPHOSEON
851 249 950 286 LIB.
975 249 1024 287 X.
1048 250 1244 288 443—530.
1396 241 1484 285 175

83 336 102 369 3·
127 339 165 385 J
190 356 196 363 -
221 351 243 364 υ
279 342 377 372 ·ue
399 329 504 372 mihi
526 330 745 386 vitamque
768 345 1003 387 necemque
1025 331 1223 388 negate.”

79 391 263 442 ζώω
285 385 491 430 confessis
515 386 689 442 aliquod
711 395 848 444 patet:
873 388 1023 431 ultima
1046 396 1160 431 certe

79 439 93 496 Ξ
172 473 175 476 «
225 455 326 487 nuos
349 442 538 488 habuere
562 444 678 487 deos.
736 459 838 487 nam
862 459 987 487 crura
1008 445 1221 500 loquentis

75 506 216 550 tura
237 500 502 556 supervenit,
524 508 758 557 ruptosque
781 501 955 557 obliqua
976 515 1055 558 per
1077 516 1245 558 ungues
1504 516 1579 548 490

75 555 332 617 porrigitur
353 556 496 608 radix,
519 557 638 614 longi
660 558 899 601 firmamina
921 558 1074 609 trunci,

74 619 284 669 ‘eumque
305 612 438 656 robur
461 622 615 670 agunt,
638 614 864 670 mediaque
887 622 1085 658 manente
1109 614 1297 658 medulla

86 668 277 729 sanguis
299 669 334 712 it
355 669 401 712 in
425 684 571 722 sucos,
593 671 639 713 in
662 685 842 727 magnos
865 671 1065 714 bracchia
1087 686 1242 722 ramos,

74 724 151 785 tjjn
169 739 326 784 parvos
350 726 472 784 digiti
479 743 492 778 ;
518 727 696 770 duratur
718 728 874 770 cortice
897 728 1032 784 pellis.

79 822 84 830 ,
99 780 272 839 iamque
294 797 472 840 gravem
495 797 689 827 crescens
712 790 882 827 uterum
904 784 1236 840 praestrinxerat
1261 785 1388 828 arbor
1503 799 1577 831 495

70 854 81 881 1
99 846 360 899 pectoraque
384 840 585 883 obruerat
610 840 851 896 collumque
875 840 1039 897 operire
1063 841 1260 897 parabat:

55 918 80 938 >
94 908 188 942 ‘non
211 896 307 940 tulit
330 896 404 940 illa
426 911 611 948 moram,
634 897 906 952 venientique
931 897 1058 940 obvia
1081 897 1199 953 ligno

69 952 295 1000 :subsedit
315 953 546 1009 mersitque
571 968 670 997 suos
694 953 738 996 in
763 953 917 996 cortice
941 954 1099 996 vultus.

63 1018 78 1066 ᾗ
135 1020 138 1021 ’
234 1023 496 1066 quamquam
520 1010 660 1053 amisit
682 1017 847 1053 veteres
872 1025 969 1053 cum
993 1024 1170 1067 corpore
1195 1025 1358 1063 sensus,

63 1066 81 1123 -J
194 1074 359 1118 tamen,
383 1074 426 1110 et
449 1067 618 1124 tepidae
641 1075 818 1110 manant
840 1082 895 1111 ex
919 1067 1069 1111 arbore
1092 1074 1254 1124 guttae.
1503 1083 1576 1115 500

19 1123 39 1136 Q
55 1127 75 1181 ,ξ
100 1130 167 1169 ost
187 1122 324 1167 honor
347 1130 391 1167 et
412 1124 616 1174 lacrimis3
642 1124 884 1180 stillataque
908 1124 1066 1167 cortice
1089 1139 1234 1167 murra

55 1187 65 1235 j
99 1193 256 1224 nomen
279 1179 382 1224 erile
404 1187 519 1224 tenet
543 1181 735 1237 nullique
758 1181 969 1224 tacebitur
991 1195 1110 1224 aevo.

156 1237 220 1280 At
241 1237 354 1280 male
377 1245 606 1294 conceptus
631 1238 712 1281 sub
735 1238 887 1282 robore
912 1246 1102 1282 creverat
1125 1237 1281 1289 infans,
1423 1250 1569 1286 Adonis.

8 1322 15 1326 -
62 1326 66 1330 ·
99 1293 416 1352 quaerebatque
438 1294 573 1344 viam,
598 1309 686 1350 qua
708 1310 754 1338 se
778 1295 992 1351 genetrice
1016 1295 1171 1338 relicta·

12 1368 54 1398 ’
99 1356 304 1396 exereret.
361 1351 504 1394 media
526 1352 730 1408 gravidus
754 1359 889 1395 tumet
913 1352 1063 1395 arbore
1087 1359 1253 1394 venter:
1502 1366 1574 1398 505

19 1410 26 1455 J
47 1404 56 1455 ἶ,
98 1407 235 1452 tendit
257 1421 367 1451 onus
389 1415 582 1451 matrem.
641 1422 781 1463 neque
805 1409 963 1451 habent
988 1424 1065 1451 sua
1088 1409 1220 1452 verba
1245 1409 1425 1460 dolores,

47 1467 59 1522 J
97 1478 180 1508 nec
202 1463 372 1508 Lucina
394 1472 533 1522 potest
557 1466 760 1521 parientis
785 1480 889 1508 voce
913 1466 1070 1508 vocari.

4 1545 18 1549 „
52 1567 68 1578 „
97 1520 249 1565 nitenti
271 1527 416 1565 tamen
438 1529 503 1565 est
526 1522 694 1573 similis,
719 1530 979 1577 curvataque
1003 1523 1175 1566 crebros

98 1577 174 1622 dat
194 1577 380 1635 gemitus
404 1579 532 1621 arbor
552 1579 821 1634 lacrimisque
846 1579 1096 1622 cadentibus
1120 1587 1250 1623 umet.

98 1634 286 1679 constitit
310 1635 366 1678 ad
388 1649 530 1678 ramos
552 1635 666 1679 mitis
689 1636 859 1679 Lucina
883 1636 1063 1679 dolentis
1501 1651 1574 1684 510

11 1699 15 1746 Q
51 1687 73 1745 ’ἦ
98 1690 372 1759 admovitque
395 1707 548 1735 manus
572 1700 616 1735 et
638 1693 770 1736 verba
792 1707 1004 1749 puerpera
1027 1693 1146 1736 dixit.

9 1774 13 1794 ·.
99 1748 226 1792 arbor
248 1755 338 1806 ag1t
361 1748 490 1792 rimas
514 1756 555 1792 et
578 1749 680 1792 fissa
704 1750 858 1792 cortice
882 1750 1029 1792 vivum

97 1804 238 1849 reddit
261 1820 388 1856 onus3
412 1806 616 1862 vagitque
638 1821 765 1862 puer:
790 1820 919 1861 quem
944 1806 1144 1849 mollibus
1167 1806 1311 1850 herbis

13 1885 16 1892 ·
53 1884 55 1886 ’
97 1861 259 1907 Naides
281 1862 529 1920 impositum
552 1863 737 1906 lacrimis
760 1878 922 1907 unxere
946 1864 1147 1920 parentis.

24 1933 49 1973 J.‘
98 1918 292 1964 laudaret
314 1919 469 1963 faciem
492 1919 628 1963 Livor
651 1934 835 1976 quoque.
894 1921 1038 1976 qualia
1061 1934 1246 1976 namque
1502 1935 1572 1966 515

99 1984 277 2037 corpora
298 1976 511 2020 nudorum
533 1977 681 2020 tabula
703 1977 939 2034 pinguntur
961 1977 1188 2028 Amorum,

98 2032 197 2077 tilis
219 2040 323 2077 erat.
383 2034 478 2084 sed,
501 2049 557 2077 ne
580 2034 711 2077 faciat
734 2034 978 2077 discrimina
1002 2035 1155 2085 cultus,

99 2097 176 2134 aut
196 2089 298 2133 huic
321 2090 431 2134 adde
454 2091 570 2135 leves
595 2098 669 2134 aut
691 2091 773 2133 illis
798 2091 922 2134 deme
945 2091 1179 2147 pharetras.

97 2145 256 2191 labitur
278 2147 444 2191 occulte
466 2147 660 2204 fallitque
684 2148 866 2191 volatilis
892 2156 1023 2199 aetas,

100 2210 144 2247 et
164 2203 270 2248 nihil
293 2212 358 2248 est
381 2205 503 2248 annis
528 2205 728 2248 velocius.
780 2205 852 2248 ille
875 2219 1018 2248 sorore
1503 2220 1574 2252 520

99 2268 226 2304 natus
248 2275 416 2317 avoque
439 2276 532 2312 suo,
556 2262 631 2317 qui
655 2262 851 2305 conditus
876 2262 1026 2305 arbore
1050 2277 1201 2318 nuper,
1286 2315 1292 2321 ι

98 2331 236 2375 nuper
258 2326 349 2362 erat
371 2319 560 2375 genitus,
583 2319 712 2362 modo
734 2319 1067 2362 formosissimus
1089 2319 1245 2371 infans,

0 2375 50 2429 {1³
98 2373 186 2418 iam
207 2374 392 2425 iuvenis,
416 2376 502 2418 iam
526 2376 604 2426 vir,
628 2376 714 2418 iam
739 2391 784 2420 se
808 2375 1032 2418 formosior
1054 2376 1148 2432 ipso
1173 2383 1258 2419 est:

0 2432 54 2488 ³2ss:
98 2429 186 2474 iam
207 2431 347 2488 placet
371 2439 414 2475 et.
437 2432 597 2476 Veneri
620 2433 852 2488 matrisque
875 2432 1094 2476 ulciscitur
1116 2433 1252 2489 ignes.

98 2500 286 2544 namque
307 2487 576 2546 pharetratus
600 2490 702 2532 dum
727 2490 800 2532 dat
823 2504 932 2546 puer
953 2490 1100 2533 oscula
1122 2489 1262 2540 matri,
1503 2504 1571 2537 525

97 2543 258 2588 inscius
281 2545 443 2589 extanti
466 2546 686 2589 destrinxit
711 2546 948 2590 harundine
970 2553 1132 2603 pectus.

89 2599 216 2645 ‘laesa
237 2617 368 2645 manu
390 2609 540 2646 natum
564 2603 645 2646 dea
667 2603 863 2660 reppulit.
923 2603 1049 2646 altius
1073 2610 1218 2646 actum

98 2657 254 2702 vulnus
277 2666 368 2702 erat
391 2659 553 2716 specie,
577 2660 799 2717 primoque
823 2660 1033 2704 fefellerat
1054 2660 1205 2717 ipsam.

6 2751 9 2753 .
98 2721 225 2772 capta
246 2715 327 2759 viri
348 2715 488 2759 forma
509 2731 596 2759 non
619 2717 705 2760 iam
731 2715 962 2774 Cythereia
985 2725 1105 2760 curat

5 2778 9 2779 ’
39 2771 54 2826 3'
97 2769 240 2825 litora,
265 2787 351 2817 non
375 2773 460 2817 alto
483 2774 635 2831 repetit
662 2774 842 2831 Paphon
865 2788 1051 2831 aequore
1075 2774 1258 2819 cinctam
1501 2788 1572 2821 580
