1786 3242
32 329 83 391 ,ἶ
106 335 154 381 hi
175 341 219 380 te
241 333 298 379 ad
319 335 433 379 bella
454 349 579 393 pares
603 337 724 379 annis
748 337 984 393 animisque
1010 346 1252 394 sequentur,

109 406 208 439 cum
230 392 435 450 primum,
459 393 533 448 qui
557 401 599 436 te
622 394 802 437 feliciter
824 395 983 445 attulit,
1008 396 1154 438 eurus'

38 451 75 507 εζ-
108 453 257 508 (eurus
279 449 392 492 enim
416 450 634 506 attulerat)
659 451 806 494 ‘fuerit
828 458 1017 494 mutatus
1041 453 1086 494 in
1110 453 1302 496 austros?

31 625 77 659 τ’·
108 626 172 664 est
194 618 314 669 data,
337 633 425 662 nox
448 620 620 663 somnis.
677 621 803 662 iubar
825 636 978 665 aureus
1002 623 1210 666 extulerat
1233 624 1316 667 sol:

30 683 31 686 ’
74 675 75 678 “
106 675 238 721 flabat
260 675 401 719 adhuc
423 691 550 720 eurus
574 677 845 732 redituraque
869 679 964 721 vela
987 680 1171 723 tenebat.

106 732 164 777 ad
187 730 429 790 Cephalum
451 733 648 776 Pallante
673 734 772 784 sati,
797 735 867 776 cui
889 736 1092 790 grandior
1115 745 1247 789 aetas,

31 803 71 841 ἕξ
107 789 163 834 ad
185 803 332 847 regem
357 787 575 846 Cephalus
599 790 724 832 simul
749 797 791 833 et
813 790 1011 835 Pallante
1036 794 1166 835 creati

107 846 376 891 conveniunt.
435 846 511 890 sed
535 847 676 889 adhuc
699 862 845 903 regem
870 862 998 904 sopor
1021 850 1131 892 altus
1155 850 1355 894 habebat.

27 913 59 959 3÷
106 902 263 960 excipit
284 902 498 946 Aeacides
520 903 615 946 illos
638 904 684 946 in
706 904 851 947 limine
874 904 1067 948 Phocus:

17 936 67 1011 ³?ss
105 974 206 1004 nam
229 959 437 1003 Telamon
451 960 676 1016 fraterque
699 961 813 1004 viros
837 961 893 1003 ad
918 962 1030 1005 bella
1051 963 1267 1019 legebant.

103 1016 278 1061 Phocus
299 1016 344 1059 in
366 1016 542 1060 interius
566 1018 749 1074 spatium
774 1018 1059 1075 pulchrosque
1082 1035 1274 1064 recessus

56 1088 62 1090 ’
108 1071 367 1130 Cecropidas
390 1073 524 1117 ducit:
550 1089 647 1117 cum
672 1075 768 1130 quis
793 1075 919 1118 simul
943 1076 1034 1133 ipse
1057 1078 1227 1121 resedit.

104 1130 257 1188 aspicit
278 1130 488 1174 Aeoliden
512 1131 660 1188 ignota
683 1147 737 1174 ex
761 1132 911 1176 arbore
935 1133 1099 1176 factum

103 1186 215 1232 ferre
236 1202 368 1230 manu
390 1187 596 1238 iaculum,
623 1188 742 1231 cuius
766 1189 848 1231 fuit
872 1205 1002 1233 aurea
1026 1191 1181 1248 cuspis.

102 1258 243 1301 pauca
263 1244 382 1301 prius
404 1245 556 1288 mediis
582 1246 847 1288 sermonibus
872 1247 942 1290 ille
966 1248 1134 1290 locutus

104 1305 219 1344 ‘sum
241 1315 462 1344 nemorum
488 1302 722 1345 studiosus'
748 1303 806 1345 ait
831 1304 1076 1359 ‘caedisque
1100 1305 1282 1349 ferinae:

30 1387 33 1393 v
102 1371 189 1413 qua
210 1365 353 1400 tamen
377 1373 402 1401 e
425 1359 532 1401 silva
555 1367 700 1402 teneas
725 1359 875 1402 hastile
899 1361 1095 1412 recisum,

30 1418 38 1422 ²
100 1413 351 1457 iamdudum
374 1415 537 1458 dubito.
596 1424 710 1459 certe
734 1417 770 1458 si
793 1417 984 1460 fraxinus
1010 1426 1133 1469 esset,

30 1491 50 1516 ,η-
99 1470 221 1514 fulva
244 1472 384 1515 colore
407 1472 535 1515 foret:
561 1473 596 1515 si
621 1488 794 1524 cornus,
818 1475 955 1517 nodus
979 1475 1150 1519 inesset.

100 1528 216 1571 unde
240 1528 314 1579 sit,
337 1528 502 1585 ignoro.
561 1530 636 1573 sed
659 1545 746 1572 non
769 1531 995 1574 formosius
1019 1532 1100 1575 isto

31 1608 48 1624 ⁴
99 1584 298 1628 viderunt
319 1585 433 1628 oculi
456 1586 588 1629 telum
610 1587 836 1630 iaculabile
859 1588 1020 1631 nostri.’

11 1640 53 1698 ἕξ
99 1638 258 1698 excipit
279 1642 456 1686 Actaeis
480 1658 504 1686 e
527 1643 730 1686 fratribus
754 1645 860 1687 alter
884 1652 926 1688 et
951 1649 1097 1688 ‘usum

1 1690 62 1777 ἐξ
98 1698 302 1742 maiorem
326 1699 467 1756 specie
490 1700 718 1743 mirabere’
743 1701 851 1744 dixit
875 1702 938 1744 ‘in
962 1702 1058 1745 isto.

1 1775 3 1779 v
99 1755 384 1811 consequitur,
408 1757 708 1812 quodcumque
732 1758 858 1814 petit,
882 1758 1138 1815 fortunaque
1161 1761 1340 1805 missum

97 1826 185 1855 non
207 1812 337 1869 regit;
363 1819 406 1856 et
427 1814 590 1856 revolat
613 1815 730 1856 nullo
754 1814 964 1858 referente
989 1818 1240 1860 cruentum?

97 1875 190 1912 tum
212 1883 314 1912 vero
336 1869 502 1912 iuvenis
524 1870 568 1913 N
569 1877 705 1913 ere'ius
729 1872 872 1914 omnia
896 1874 1074 1927 quaerit,

5 1942 9 1944 ·
36 1968 37 1971 ,
98 1939 174 1970 cur
195 1925 270 1977 sit,
295 1933 337 1970 et
359 1927 474 1970 unde
499 1927 665 1978 datum,
690 1928 786 1983 quis
811 1929 918 1971 tanti
941 1930 1128 1973 muneris
1153 1939 1314 1974 auctor.

0 1955 2 2084 >
95 1995 208 2039 quae
229 1983 355 2040 petit,
379 1983 450 2027 ille
473 1984 615 2027 refert.
675 1986 751 2028 sed
775 1986 889 2028 enim
912 2002 1085 2029 narrare
1110 1988 1263 2044 pudori
1288 1996 1365 2041 est,

0 2085 1 2094 ἵ
41 2043 46 2046 ’
96 2052 184 2096 qua
204 2040 347 2083 tulerit
369 2041 583 2084 mel-cedet
609 2041 722 2093 silet,
748 2050 972 2098 tactusque
999 2044 1143 2087 dolore

97 2095 290 2154 coniugis
314 2097 494 2140 amissae
517 2098 702 2141 lacrimis
726 2099 787 2142 ita
809 2099 926 2142 fatur
949 2100 1128 2143 obortis:

39 2190 46 2209 3
97 2152 199 2196 ‘hoc
221 2168 310 2204 me,
334 2161 434 2197 nate
457 2154 557 2206 dea,
583 2154 700 2210 (quis
724 2156 858 2212 possit
882 2157 1098 2214 credere?)
1122 2159 1254 2202 telum

34 2237 39 2254 ;
94 2209 196 2254 flere
218 2209 323 2253 facit
344 2210 558 2266 facietque
582 2212 674 2262 diu,
699 2213 736 2255 si
759 2212 903 2256 vivere
926 2214 1050 2257 nobis

34 2281 42 2318 j
94 2265 185 2310 fata
207 2267 281 2310 diu
306 2267 513 2312 dederint.
572 2269 654 2311 hoc
678 2284 747 2312 me
772 2284 869 2312 cum
895 2271 1076 2328 coniuge
1101 2286 1200 2315 cara

150 2323 295 2366 rdidit:
319 2324 402 2367 hoc
425 2325 588 2367 utinam
613 2327 843 2369 caruissem
868 2343 1043 2371 munere
1067 2329 1252 2385 semper!

93 2337 267 2424 goeris
289 2389 398 2433 erat3
423 2382 459 2424 si
482 2383 592 2425 forte
615 2384 754 2439 magis
810 2385 972 2426 ervenit
997 2385 1051 2427 ad
1075 2401 1199 2429 aures

3 2438 44 2477 ’ς
95 2434 296 2504 Orithyia
318 2445 434 2489 tuas,
457 2447 604 2496 raptae
629 2454 748 2482 soror
817 2441 1017 2498 rithyiae:

19 2496 42 2546 ,ξ
94 2493 131 2536 si
153 2493 308 2538 faclem
330 2509 555 2551 moresque
579 2497 683 2539 velis
709 2497 901 2540 conferre
925 2499 1120 2550 duarum,

93 2549 262 2608 dignior
284 2551 378 2608 ipsa
400 2552 505 2608 rapi.
563 2561 684 2609 pater
707 2553 818 2596 hanc
841 2555 944 2597 mihi
968 2556 1106 2598 iunxit
1129 2556 1412 2610 Erechtheus,

19 2597 45 2655 3
93 2605 204 2650 hanc
228 2608 332 2650 mihi
354 2608 492 2651 iunxit
516 2624 648 2652 amor.
707 2610 811 2653 felix
835 2611 1007 2655 dicebar
1031 2628 1246 2669 eramque.

2 2658 43 2716 ξ
93 2677 180 2708 non
203 2664 263 2707 ita
286 2665 351 2707 dis
375 2666 515 2708 visum
540 2675 624 2718 est,
649 2675 724 2709 aut
747 2683 861 2710 nunc
885 2682 1055 2724 quoque
1079 2670 1257 2714 forsitan
1283 2687 1435 2715 essem.

20 2714 41 2765 f}
93 2720 201 2764 alter
223 2722 432 2778 agebatur
454 2731 552 2779 post
576 2738 697 2767 sacra
720 2724 880 2781 iugalia
902 2727 1077 2777 mensis;

1 2776 52 2840 223?
93 2789 192 2821 cum
214 2793 285 2822 me
309 2779 539 2837 cornigeris
564 2781 806 2824 tendentem
831 2782 938 2826 retia
961 2784 1097 2828 cervis

19 2862 38 2920 ἐξ

11 2920 43 2962 ξ

12 3139 33 3165 Va·

11 3170 36 3213 ἓ

12 3216 48 3242 »t

318 253 814 293 METAMORPHOSEON
836 255 934 292 LIB.
959 256 1045 294 VH.
1070 257 1263 294 614—701.
1401 248 1481 291 121

1507 468 1579 501 660

55 534 65 556 a
87 557 99 561 ρ
165 505 343 549 Talibus
367 513 494 561 atque
518 507 610 549 aliis
632 507 807 563 longum
834 509 1099 552 sermonibus
1122 510 1184 552 illi
1362 509 1578 565 &phala-set

107 561 336 620 implevere
359 562 485 606 diem.
544 563 650 606 lucis
675 579 772 619 pars
795 565 945 608 ultima
966 581 1139 609 mensae
1388 556 1442 591 Pr
1443 567 1546 592 πω·

1507 753 1577 786 665

1507 1038 1578 1072 670

1505 1322 1574 1355 675

1502 1605 1575 1639 680

1501 1890 1572 1923 685

1499 2174 1571 2209 690

1497 2459 1568 2492 695

1496 2744 1566 2777 700
