1786 3242
320 246 815 286 METAMORPHOSEON
836 247 935 284 LIB.
960 245 1069 283 XIII.
1094 245 1288 283 647—734.
1412 234 1496 278 229

75 371 77 374 .
119 342 219 376 οοοθ
242 327 346 372 facit
367 329 519 373 mediis
542 337 664 373 natas
690 328 854 373 Orione
877 327 1053 379 Thebis,

70 391 77 443 j
118 385 230 431 hanc
251 399 338 428 non
361 385 594 429 femineum
617 386 765 443 iugulo
791 387 892 430 dare
916 386 1071 428 vulnus
1097 391 1256 441 aperto,

117 442 234 488 illam
258 441 442 486 demisso
465 457 543 500 per
565 442 691 486 fortia
713 450 887 500 pectora.
909 442 1008 493 telo,

106 517 109 521 ·
219 498 380 556 populo
404 498 607 543 cecidisse
631 514 709 543 suo
731 499 1005 556 pulchrisque
1028 513 1105 555 per
1128 497 1279 541 urbem

116 513 341 600 metibus
362 554 466 599 ferri
489 556 730 612 celebrique
753 556 796 599 in
820 563 941 613 parte
966 555 1156 598 cremari.
1524 567 1590 600 695

117 619 210 656 tum
234 610 288 656 de
311 611 505 669 virginea
526 612 720 670 geminos
745 612 860 656 exire
883 612 1043 663 favilla,

116 683 174 714 ne
195 682 334 726 genus
356 668 555 719 intereat,
579 669 774 720 iuvenes,
799 683 905 725 quos
929 669 1046 711 fama
1070 666 1277 711 Coronas

67 727 69 730 ’
117 725 331 776 nominat,
355 732 398 769 et
421 725 553 770 cineri
575 732 767 769 materno
793 726 948 768 ducere
970 740 1186 782 pompam.

117 782 323 826 hactenus
347 782 521 838 antiquo
546 782 678 840 signis
701 782 966 839 fulgentibus
990 796 1102 832 aere,

3 884 5 887 ,
118 853 311 883 summus
333 837 530 882 inaurato
553 847 690 883 crater
713 846 804 883 erat
827 853 952 895 asper
975 838 1170 881 acantho.
1525 851 1593 882 700

58 895 60 898 ’
116 909 199 940 nec
220 894 382 939 leviora
405 895 516 939 datis
540 895 715 939 Troiani
739 895 852 939 dona
873 895 1107 945 remittunt,

12 996 15 998 ,
119 952 308 1009 dantque
331 952 542 996 sacerdoti
565 952 787 996 custodem
809 952 914 995 turis
939 966 1142 1002 acerram,

59 1041 61 1046 Α
118 1009 223 1054 dant
276 1015 436 1053 ateram
460 1009 703 1065 claramque
728 1023 832 1052 auro
856 1009 1121 1065 gemmisque
1146 1022 1380 1051 coronam.>

174 1023 284 1110 111<ss
306 1066 517 1109 recordati
540 1066 731 1109 Teucros
755 1081 782 1109 a
806 1066 1013 1122 sanguine
1037 1065 1195 1108 Teucri

30 1132 33 1133 ’
54 1163 56 1167 ,
117 1122 275 1167 ducere
297 1122 573 1180 principium,
599 1121 773 1166 Cretam
797 1130 985 1166 tenuere.
1044 1122 1211 1177 locique
1526 1134 1591 1166 705

117 1179 232 1224 ferre
255 1179 331 1223 diu
352 1179 555 1235 nequiere
578 1180 748 1230 Iovem,
773 1187 1030 1235 centumque
1053 1179 1209 1222 relictis

51 1263 56 1275 τ
117 1235 298 1281 urbibus
322 1236 539 1280 Ausonios
563 1243 712 1294 optant
735 1237 981 1293 contingere
1005 1244 1166 1292 portus.

54 1305 55 1308 ’
120 1293 256 1338 saevit
279 1292 416 1337 hiems
439 1293 653 1349 iactatque
677 1293 809 1344 viros3
836 1293 1211 1350 Strophadumque
1235 1298 1429 1349 receptos

115 1350 327 1408 portubus
349 1350 491 1393 infidis
515 1350 719 1394 exterruit
743 1351 830 1394 ales
854 1351 982 1393 Aello

119 1414 163 1451 et
183 1406 271 1450 iam
294 1406 522 1450 Dulichios
544 1416 692 1464 portus
716 1407 996 1463 Ithacamque
1022 1405 1269 1462 Samonque
1526 1420 1591 1451 710

116 1462 389 1520 Neritiasque
413 1463 584 1515 domus,
608 1479 790 1520 regnum
814 1464 977 1507 fallacis
1001 1463 1157 1514 Ulixis,

117 1527 287 1578 praeter
309 1527 431 1564 erant
454 1520 583 1564 vecti:
609 1528 812 1564 certatam
835 1521 908 1564 lite
932 1521 1109 1564 deorum

25 1609 28 1610 ν
116 1577 418 1629 Ambraciam,
441 1578 639 1633 versique
662 1578 808 1621 vident
832 1578 912 1621 sub
936 1578 1122 1634 imagine
1146 1592 1297 1620 saxum

50 1648 52 1650 ’
116 1633 290 1686 iudicis,
314 1634 497 1678 Actiaco
520 1649 631 1690 quae
654 1649 769 1677 nunc
793 1635 847 1678 ab
872 1635 1074 1691 Apolline
1098 1642 1200 1677 nota
1223 1642 1300 1684 est,

58 1723 64 1736 ,f
118 1691 397 1747 vocalemque
421 1706 500 1735 sua
523 1698 680 1734 terram
702 1691 934 1734 Dodonida
958 1706 1119 1746 quercu
1526 1704 1590 1735 715

51 1785 54 1786 γ
118 1745 423 1815 Chaoniosque
446 1748 584 1799 sinus,
608 1748 684 1790 ubi
706 1749 796 1791 nati
819 1763 921 1805 rege
944 1748 1138 1791 Molosso

14 1811 16 1814 ’
72 1809 74 1811 ’
117 1805 177 1848 im
207 1804 251 1848 ia
273 1804 474 1848 subiectis
497 1804 648 1862 fugere
671 1805 868 1849 incendia
890 1805 1056 1862 pennis.

48 1897 50 1899 ,
215 1861 381 1904 roxima
400 1861 650 1915 Phaeacum
673 1862 869 1905 felicibus
893 1862 1031 1905 obsita
1054 1862 1192 1919 pomis

43 1922 57 1970 f
115 1933 218 1962 rura
239 1925 409 1976 petunt;
433 1917 589 1976 Epiros
613 1919 668 1962 ab
692 1919 758 1962 his
781 1926 1045 1976 regnataque
1069 1919 1157 1962 vati

0 2001 1 2021 ι
27 1998 46 2031 ς,
117 1975 352 2019 Buthrotos
374 1974 568 2033 Phrygio
592 1976 875 2031 simulataque
899 1976 1030 2019 Troia
1053 1983 1233 2019 tenetur.
1525 1990 1592 2021 720

0 2036 1 2040 ’
115 2032 218 2076 inde
240 2031 482 2076 futurorum
506 2032 629 2084 certi,
653 2047 764 2088 quae
789 2040 942 2076 cuncta
963 2033 1079 2076 fideli

25 2103 47 2114 *
115 2088 357 2133 Priamides
380 2089 576 2133 Helenus
599 2090 762 2132 monitu
787 2091 1074 2146 praedixerat,
1098 2090 1257 2132 intrant

119 2144 348 2191 Sicaniam.
407 2145 542 2189 tribus
566 2146 673 2189 haec
696 2147 881 2190 excurrit
903 2147 948 2189 in
972 2161 1158 2203 aequora
1179 2146 1358 2203 linguis:

31 2204 43 2249 :f
117 2217 142 2247 e
165 2203 321 2259 quibus
343 2202 583 2247 imbriferos
607 2211 672 2246 est
694 2219 819 2247 versa
840 2203 1069 2260 Pachynos
1093 2204 1149 2246 ad
1172 2212 1338 2246 austros
1345 2219 1358 2254 ;

24 2270 51 2319 ..ζ
115 2259 317 2303 mollibus
341 2260 582 2317 expositum
606 2260 804 2318 zephyris
829 2260 1089 2317 Lilybaeon3
1115 2268 1159 2303 at
1182 2261 1340 2303 Arctos
1523 2274 1588 2306 725

37 2322 49 2347 ’ἵ
116 2317 314 2373 aequoris
337 2324 533 2374 expertes
557 2325 721 2374 spectat
743 2317 1002 2373 boreamque
1025 2317 1218 2361 Peloros.

18 2375 43 2416 ἱῖ
114 2373 198 2417 hac
221 2373 408 2418 subeunt
429 2373 606 2425 Teucri,
631 2381 674 2418 et
696 2374 823 2418 remis
848 2382 1054 2430 aestuque
1078 2374 1264 2418 secundo

116 2429 198 2474 sub
219 2438 390 2475 noctem
413 2431 575 2488 potitur
599 2431 812 2475 Zanclaea
835 2432 982 2474 classis
1006 2432 1177 2476 harena.

27 2494 47 2547 ‘3'
135 2486 149 2504 ¹
205 2487 265 2531 lla
286 2487 400 2531 latus
424 2488 641 2540 dextrum,
664 2488 835 2532 laevum
858 2488 1096 2544 inrequieta
1120 2487 1363 2544 Charybdis

112 2543 128 2588 i
178 2551 299 2589 estat.
358 2552 481 2588 vorat
503 2544 610 2588 haec
632 2553 776 2603 raptas
800 2545 1066 2601 revomitque
1090 2545 1274 2589 carinas:
1497 2560 1564 2592 730

24 2629 28 2632 ·
51 2623 53 2625 -
111 2601 188 2670 illa
209 2600 312 2670 feris
336 2608 472 2645 atram
496 2602 673 2645 canibus
698 2602 960 2659 succingitur
983 2603 1142 2654 alvum,
1426 2614 1585 2660 (Scylla.)

112 2672 290 2716 virginis
315 2673 390 2702 ora
412 2673 566 2716 gerens
591 2667 653 2710 et,
678 2659 714 2702 si
737 2673 824 2702 non
847 2659 990 2702 omnia
1012 2667 1131 2703 vates

29 2719 35 2756 ζ
111 2714 214 2759 ficta
234 2715 311 2760 reli
342 2723 517 2767 uerunt,
541 2716 684 2771 aliquo
707 2730 878 2772 quoque
902 2723 1092 2774 tempore
1117 2717 1250 2774 virgo.

34 2782 46 2793 ·’
110 2770 223 2817 hanc
245 2729 369 2817 multi
392 2772 552 2830 petiere
575 2773 713 2831 proci:
739 2773 894 2830 quibus
918 2773 991 2818 illa
1012 2775 1194 2832 repulsis
