1786 3242
324 240 819 280 METAMORPHOSEON
841 242 939 279 LIB.
965 242 1033 279 IX.
1060 243 1252 280 187—274.
1395 234 1476 278 151

84 337 105 360 ‚-
159 347 193 364 ψ
219 355 226 360 s
252 336 406 381 pyram
430 323 618 374 structis,
643 338 788 366 areum
812 323 1140 380 pharetramque
1164 339 1365 382 capacem

20 429 21 433 Ἰ
78 377 320 439 Quo
342 378 508 422 visuras
531 380 686 423 iterum
709 380 896 423 Troiana
920 381 1095 437 sagittas

83 436 213 490 ᾖτε
234 435 358 480 iubes
379 435 573 480 Poeante
597 445 736 479 satum
743 453 756 488 ;
782 451 868 492 quo
891 438 1064 480 flamma
1088 438 1279 482 ministro

84 492 284 547 {abdita
343 492 532 548 dumque
555 493 691 535 avidis
716 494 1034 550 comprenditur
1055 495 1229 552 ignibus
1252 511 1399 553 agger,

20 559 23 565 '
79 547 499 608 ‘sffljnsseriemvsilvae
521 549 738 593 Nemeaeo
762 551 916 594 vellere
941 566 1152 595 summam
1504 567 1571 600 285

17 606 20 654 s
55 628 85 655 ².
274 605 398 650 etim
457 605 539 649 sita
563 607 708 649 clavae
733 607 896 651 cervice
920 609 1146 660 recumbis,

78 660 216 709 had
237 662 322 706 alio
345 677 402 706 vu
420 669 488 713 tu,
511 676 642 718 quam
666 663 703 706 si
727 664 906 706 conviva
928 664 1088 708 iaceres

77 718 211 773 <hur
230 719 358 777 plena
379 719 487 763 meri
509 720 731 762 redimitus
754 721 908 776 poeula
931 722 1067 765 sertis.

74 780 95 825 τ’Ῐ·
153 775 335 832 Iamque
356 775 503 819 valens
528 784 570 819 et
592 776 638 818 in
662 791 787 819 omne
811 778 922 820 latus
947 778 1104 820 diffusa
1129 779 1308 822 sonabat

71 839 356 889 'murosque
379 840 496 876 artus
520 840 938 890 contemptoremque
961 836 1136 890 petebat
1503 851 1571 884 240

72 889 270 936 &mma
293 904 432 933 suum.
491 889 670 933 timuere
695 890 763 933 dei
816 905 864 933 ro
888 890 1056 934 vindice
1080 900 1230 936 terrae.

12 987 16 1000 ἓ
88 974 89 978 =
128 975 132 995 2
157 960 207 990 os
227 945 288 990 ita
309 945 463 1002 (sensit
485 946 618 1003 enim)
641 947 752 990 laeto
813 948 1004 991 aturnius
1029 963 1101 992 ore

11 1005 19 1044 ἶ
94 960 292 1061 ῗξρρίίετ
314 1003 561 1059 alloquitur:
587 1008 750 1046 ‘nostra
774 1012 839 1048 est
861 1004 988 1047 timor
1010 1005 1090 1048 iste
1114 1007 1325 1064 voluptas,

66 1111 67 1114 Ἴ
93 1074 126 1106 ο
147 1074 199 1105 su
229 1059 310 1111 eri,
333 1066 508 1116 totoque
530 1060 668 1104 libens
691 1060 796 1103 mihi
818 1069 990 1118 pectore
1013 1070 1171 1119 grator,

14 1151 16 1155 ,
61 1117 77 1174 j
95 1131 155 1175 qn
235 1116 435 1160 memoris
458 1118 606 1174 populi
629 1118 747 1161 dicor
769 1126 992 1174 rectorque
1016 1127 1234 1176 paterque,
1502 1138 1568 1170 245

22 1207 26 1209 -
55 1188 77 1222 t,
96 1180 142 1219 et
161 1188 259 1218 mea
280 1173 506 1231 progenies
530 1182 672 1217 vestro
696 1189 868 1230 quoque
892 1184 984 1218 tuta
1007 1177 1153 1220 favore
1178 1187 1255 1220 est.

12 1234 29 1279 f
56 1238 197 1289 [pm
219 1244 479 1287 quamquam
502 1231 637 1287 ipsius
662 1232 788 1274 datur
810 1233 892 1275 hoc
916 1233 1173 1277 immanibus
1198 1235 1317 1285 actis,

9 1322 13 1326 .
66 1291 74 1311 *²
91 1283 264 1344 obligor
285 1286 378 1344 ipse
401 1294 558 1331 tamen.
617 1289 693 1331 sed
717 1289 830 1331 enim
854 1288 954 1345 (nec
977 1298 1151 1347 pectora
1175 1306 1286 1335 vano

12 1342 183 1392 fida
202 1351 321 1388 metu
343 1345 548 1401 paveant)
569 1345 672 1388 istas
695 1345 781 1387 iam
806 1347 990 1402 spernite
1014 1348 1221 1391 flammas.

21 1447 34 1451 ,
53 1401 239 1446 “omnia
260 1400 336 1456 qui
358 1400 481 1452 vicit,
505 1402 666 1453 vincet,
691 1417 800 1457 quos
825 1404 1015 1454 cernitis,
1039 1405 1180 1460 ignes3
1500 1423 1568 1456 250

17 1467 31 1503 Γ
48 1478 61 1506 y
93 1473 175 1503 noc
195 1457 279 1501 nisi
301 1465 494 1501 materna
516 1458 758 1502 Volcanum
782 1467 902 1516 parte
927 1468 1146 1516 potentem

6 1533 66 1550 1*
92 1514 259 1559 sentiet.
318 1522 538 1558 aeternum
562 1523 645 1566 est,
669 1532 696 1558 a
719 1532 788 1559 me
812 1517 928 1572 quod
952 1518 1098 1568 traxit,
1124 1526 1166 1561 et
1190 1534 1342 1577 expers

50 1591 62 1622 χ
91 1579 223 1628 atque
245 1571 435 1615 immune
457 1571 575 1615 necis
598 1573 800 1628 nullaque
825 1574 1037 1618 domabile
1061 1575 1245 1619 flamma.

11 1644 18 1674 ζ’
56 1626 58 1630 ’
90 1626 223 1684 idque
249 1642 330 1686 ego
354 1628 603 1672 defunctum
628 1637 741 1672 terra
764 1631 1018 1674 caelestibus
1043 1632 1128 1674 oris

12 1688 17 1722 ἰ
63 1707 73 1740 χ
87 1685 182 1733 acci
213 1685 318 1737 iam,
343 1685 592 1741 cunctisque
616 1701 760 1729 meum
783 1688 979 1731 laetabile
1004 1688 1167 1731 factum
1498 1708 1565 1741 255

12 1739 13 1743 ’
55 1741 160 1786 dis
201 1756 275 1785 ore
299 1741 480 1785 confido.
539 1743 576 1786 si
600 1744 696 1798 quis
720 1752 862 1787 tamen
888 1745 1096 1795 Hercule,
1122 1746 1157 1788 si
1181 1747 1277 1802 quis

2 1811 5 1813 ’
47 1818 50 1821 ⁴
91 1798 203 1844 forte
226 1799 308 1843 deo
331 1798 549 1843 doliturus>
563 1800 663 1851 erit,
687 1800 787 1843 data
810 1802 999 1857 praemia
1022 1803 1150 1853 nolet,

15 1889 22 1903 2
52 1894 62 1910 „
89 1854 170 1900 sed
191 1855 398 1900 meruisse
421 1855 514 1905 dari
532 1856 641 1910 sciet
663 1856 906 1913 invitusque
930 1859 1154 1915 probabit.’

0 1944 7 1953 ,
90 1926 311 1965 masere
335 1912 417 1956 dei.
476 1912 663 1957 coniunx
687 1928 857 1969 quoque
880 1916 1000 1972 regia
1023 1916 1115 1959 visa
1139 1925 1203 1960 est

7 1974 21 2003 ‘—
55 1970 234 2024 Tm
254 1983 343 2012 non
365 1969 492 2020 dur0,
517 1970 624 2013 duro
647 1978 790 2014 tamen
814 1972 964 2015 ultima
988 1974 1110 2016 vultu
1496 1991 1564 2024 260

0 2031 30 2063 -ῖ
62 2024 207 2129 szffin
226 2026 374 2071 tulisse
397 2026 514 2070 Iovis
537 2042 669 2083 seque
691 2028 923 2073 indoluisse
945 2038 1147 2073 notatam.

119 2085 125 2090 ’
178 2097 252 2127 rea
273 2083 574 2140 quodcumque
597 2084 679 2127 fuit
701 2086 945 2141 populabile
969 2087 1179 2138 flammae,

39 2171 67 2184 f
89 2138 307 2186 Mulciber
329 2141 581 2191 abstulerat3
606 2156 686 2184 nec
711 2143 1008 2198 cognoscenda
1031 2145 1233 2187 remansit

8 2198 14 2203 ’
49 2222 51 2227 <
78 2195 291 2246 ,Herculis
315 2197 500 2254 effigies,
524 2212 604 2240 nec
628 2198 857 2254 quicquam
881 2200 937 2242 ab
960 2201 1145 2258 imagine
1170 2202 1348 2245 ductum

16 2280 23 2300 ³.
43 2266 51 2291 ‘1
86 2253 236 2298 manis
258 2253 406 2305 habet,
430 2261 682 2310 tantumque
705 2256 821 2298 Iovis
845 2257 1026 2314 vestig-ia
1050 2267 1202 2301 servat.
1493 2275 1559 2309 265

18 2328 64 2369 Il}
89 2317 222 2367 utque
244 2325 383 2354 novus
406 2325 599 2368 serpens,
623 2312 762 2368 posita
786 2328 883 2356 eum
908 2315 1018 2370 pelle
1043 2324 1225 2367 senecta,

0 2375 14 2408 31
84 2366 303 2411 luxuriare
326 2367 434 2411 solet
457 2382 720 2424 squamaque
743 2370 878 2413 virere
902 2372 1081 2414 recenti:

86 2423 155 2469 tic
173 2423 249 2468 ubi
270 2425 470 2468 mortales
494 2425 744 2482 Tirynthius
769 2428 886 2470 exuit
910 2436 1040 2480 artus,

86 2487 207 2539 parte
230 2481 299 2525 sui
321 2481 495 2526 meliore
519 2482 654 2539 viget,
679 2484 898 2540 maiorque
922 2485 1056 2529 videri

0 2542 55 2594 [Js
85 2537 228 2595 coepit
249 2545 293 2582 et
315 2546 500 2596 augusta
522 2539 615 2583 fieri
637 2541 846 2596 gravitate
870 2543 1096 2586 verendus.
1490 2560 1558 2593 270

83 2606 217 2651 quem
238 2602 362 2662 pater
384 2596 652 2653 omnipotens
676 2597 787 2640 inter
810 2612 916 2641 cava
939 2600 1087 2643 nubila
1110 2607 1280 2657 raptum

19 2657 24 2660 ⁴
224 2651 235 2662 '
253 2666 340 2710 ugo
364 2666 493 2696 curru
514 2654 778 2697 radiantibus
800 2655 943 2698 intulit
967 2657 1103 2699 astris.

2 2752 5 2754 .
38 2752 46 2761 ,,
144 2705 286 2752 Sensit
298 2709 425 2753 Atlas
436 2710 619 2767 pondus.
653 2726 792 2767 neque
806 2712 946 2756 adhuc
961 2712 1230 2758 Stheneleius
1242 2715 1327 2758 iras
1344 2715 1512 2769 Alcmena
1525 2722 1558 2751 et

48 2807 54 2827 Ι,
83 2763 270 2809 solverat
292 2764 575 2824 Eurystheus,
601 2767 832 2824 odiumque
854 2769 900 2813 in
922 2771 1041 2828 prole
1065 2779 1291 2828 paternum
1342 2761 1540 2797 Galanthw.
