1774 3256
357 253 411 296 76
803 259 846 295 Ρ.
874 259 1039 295 OVIDII
1061 257 1278 295 NASONIS

356 342 592 399 infligitque
616 341 720 382 viro.
778 340 951 382 rutilum
975 339 1106 381 vomit
1127 338 1197 381 ille
1222 352 1414 380 cruorem

357 407 398 441 et
421 397 644 453 resupinus
668 397 845 438 humum
868 395 1120 437 moribundo
1144 394 1300 437 vertice
1322 394 1481 450 pulsat.-

289 468 332 500 85
357 454 454 496 inde
480 453 729 497 Semiramio
753 452 1072 507 Polydaemona
1095 451 1300 506 sanguine
1325 457 1487 493 cretum

358 509 701 564 Caucasiumque
724 508 904 550 Abarim
931 507 1348 563 Sperchionidenque
1371 506 1584 562 Lycetum

356 567 655 620 intonsumque
680 579 821 607 comas
845 564 1038 606 Helicem
1049 563 1372 619 Phlegyamque
1381 560 1642 619 Clytumque

359 623 505 665 sternit
529 628 571 664 et
594 629 806 664 extructos
829 621 1080 662 morientum
1105 620 1238 662 calcat
1262 633 1447 661 acervos.

358 693 436 721 nec
458 678 648 721 Phineus
672 693 799 720 ausus
823 691 1070 719 concurrere
1094 676 1327 718 comminus
1351 674 1462 717 hosti

291 748 335 780 90
359 735 572 790 intorquet
594 734 797 776 iaculum:
822 733 937 787 quod
961 733 1109 775 detulit
1133 746 1248 775 error
1270 732 1315 774 in
1338 731 1460 782 Idan,

359 799 573 848 expertem
597 790 753 832 frustra
776 790 876 833 belli
900 797 942 832 et
964 797 1114 832 neutra
1137 804 1254 830 arma
1278 795 1482 831 secutum.

360 849 430 890 ille
455 855 576 890 tuens
602 847 732 889 oculis
756 846 959 888 immitem
982 845 1148 888 Phinea
1171 844 1302 887 torvis

361 903 721 959 ‘quandoquidem
744 903 787 944 in
811 902 969 958 partes'
995 902 1053 944 ait
1083 901 1335 951 ‘abstrahor,
1359 901 1517 957 accipe,
1539 900 1725 953 Phineu,
1773 940 1774 955 ÷

361 975 487 1015 quem
510 959 643 1002 fecisti
669 959 852 1009 hostem,
877 972 1092 1014 pensaque
1115 958 1197 1000 hoc
1221 958 1395 1000 vulnere
1419 957 1590 1000 vulnus’
1613 981 1673 988 —
1773 957 1774 960 ’

293 1030 336 1061 95
361 1017 530 1071 iamque
554 1015 803 1057 remissurus
827 1022 1007 1057 tractum
1032 1014 1084 1057 de
1108 1014 1283 1056 vulnere
1308 1013 1440 1056 telum

362 1072 566 1129 sanguine
590 1072 776 1114 defectos
802 1071 953 1113 cecidit
977 1071 1185 1126 collapsus
1209 1070 1254 1111 in
1278 1076 1406 1112 artus.

361 1137 452 1171 tum
476 1142 646 1183 quoque
671 1126 922 1184 Cephenum
944 1135 1041 1182 post
1064 1141 1207 1182 regem
1232 1126 1393 1182 primus
1416 1126 1598 1170 Hodites

362 1200 461 1227 ense
484 1185 593 1226 iacet
617 1183 831 1239 Clymeni:
855 1183 1144 1225 Prothoenora
1166 1183 1348 1238 percutit
1370 1183 1587 1239 Hypseus,

361 1242 540 1298 Hypsea
562 1240 790 1296 Lyncides.
850 1240 930 1281 fuit
954 1247 995 1281 et
1018 1239 1283 1295 grandaevus
1307 1239 1352 1281 in
1375 1238 1456 1282 illis
1490 1269 1494 1273 -

273 1311 338 1343 100
361 1297 606 1345 Emathion,
633 1297 756 1351 aequi
780 1296 914 1339 cultor
937 1295 1193 1349 timidusque
1217 1295 1411 1346 deorum3

361 1354 453 1408 qui,
477 1353 677 1408 quoniam
700 1353 923 1408 prohibent
947 1352 1046 1394 anni
1069 1352 1245 1402 bellare,
1267 1351 1480 1407 loquendo

361 1417 524 1476 pugnat
548 1417 589 1452 et
612 1409 780 1451 incessit
803 1409 1088 1463 scelerataque
1113 1408 1294 1451 devovet
1317 1423 1447 1450 arma.

362 1467 461 1508 hum
488 1464 683 1508 Chromis
709 1465 902 1521 amplexo
926 1464 1113 1507 tremulis
1139 1465 1285 1507 altaria
1307 1464 1458 1530 palmis

364 1522 521 1565 decutit
545 1537 644 1564 ense
669 1529 814 1577 caput:
846 1522 961 1576 quod
984 1522 1175 1577 protinus
1199 1521 1346 1564 incidlt
1369 1535 1481 1564 arae.

274 1592 337 1624 105
364 1587 488 1633 atque
513 1579 571 1620 ibi
596 1578 828 1621 semianimi
853 1578 983 1620 verba
1007 1577 1244 1620 execrantia
1266 1577 1414 1633 lingua

364 1635 494 1678 edidit
519 1643 560 1677 et
582 1635 742 1677 medios
767 1635 950 1676 animam
975 1634 1181 1689 expiravit
1203 1634 1247 1676 in
1270 1634 1406 1690 ignes.

363 1692 460 1733 hinc
484 1691 642 1747 gemini
666 1691 815 1733 fratres
840 1692 1102 1745 Broteasque
1127 1698 1169 1733 et
1193 1690 1402 1733 caestibus
1426 1690 1616 1734 Ammon

362 1748 563 1798 invictus,
588 1747 700 1789 vinci
724 1748 759 1789 si
782 1754 952 1802 possent
975 1747 1184 1790 caestibus
1209 1762 1343 1796 enses,

362 1804 527 1846 Phinea
551 1803 739 1846 cecidere
762 1818 909 1853 manu,
936 1801 1187 1857 Cererisque
1212 1802 1406 1845 sacerdos

274 1873 339 1904 110
364 1861 605 1916 Ampycus,
631 1860 785 1901 albenti
809 1860 970 1901 velatus
994 1867 1184 1915 tempora
1206 1860 1323 1902 vitta.

362 1929 409 1958 tu
433 1930 618 1971 quoque,
644 1915 920 1971 Lampetide‚
944 1930 1029 1957 non
1051 1916 1128 1957 hos
1152 1915 1415 1959 adhibendus
1439 1916 1493 1959 ad
1515 1932 1635 1969 usus,

364 1973 438 2015 sed
461 1972 553 2027 qui,
577 1972 692 2028 pacis
718 1986 845 2028 opus,
870 1972 1074 2014 citharam
1098 1987 1195 2014 cum
1219 1986 1323 2015 voce
1345 1987 1552 2025 moveres,

362 2029 501 2071 iussus
526 2044 618 2070 eras
643 2029 853 2071 celebrare
877 2028 1007 2084 dapes
1031 2028 1270 2084 festumque
1293 2029 1495 2073 canendo.

363 2086 432 2127 cui
454 2085 601 2141 procul
626 2085 777 2126 astanti
801 2085 1089 2140 plectrumque
1111 2085 1280 2128 imbelle
1304 2086 1464 2128 tenenti

273 2154 338 2186 115
362 2141 554 2184 Pettalus
577 2141 761 2183 inridens
787 2140 968 2197 ‘Stygiis
993 2156 1096 2184 cane
1120 2141 1275 2184 cetera’
1301 2142 1406 2183 dixit

364 2197 610 2245 ‘Manibus‚’
636 2205 677 2238 et
700 2197 820 2240 laevo
843 2212 1086 2241 mucronem
1109 2205 1296 2254 tempore
1318 2198 1422 2240 fixit.

363 2253 544 2296 concidit
568 2261 609 2296 et
632 2253 773 2309 digitis
797 2255 1070 2296 morientibus
1093 2254 1164 2296 ille
1187 2261 1410 2310 retemptat

362 2311 432 2352 fila
455 2311 589 2366 lyrae:
616 2324 800 2364 casuque
823 2310 905 2352 fuit
927 2311 1164 2353 miserabile
1189 2325 1369 2353 carmen.

361 2381 441 2409 nec
465 2367 560 2408 sinit
585 2366 697 2408 hunc
720 2367 891 2422 impune
915 2367 1034 2409 ferox
1059 2367 1256 2410 cecidisse
1279 2367 1530 2423 Lycormas,

274 2435 339 2467 120
362 2430 567 2479 raptaque
593 2423 644 2465 de
670 2423 816 2465 dextro
840 2423 1013 2465 robusta
1035 2424 1238 2479 repagula
1259 2424 1371 2480 posti

363 2479 525 2521 ossibus
549 2480 677 2521 inlisit
706 2479 868 2522 mediae
894 2480 1086 2522 cervicis:
1111 2488 1155 2521 at
1176 2479 1247 2523 ille

363 2535 584 2591 procubuit
610 2543 743 2578 terrae
767 2536 936 2578 mactati
960 2551 1075 2578 more
1098 2535 1279 2579 iuvenci.

364 2592 530 2634 demere
554 2592 787 2647 temptabat
809 2593 919 2634 laevi
943 2607 1112 2647 quoque
1135 2593 1286 2635 robora
1309 2593 1440 2649 postis

366 2647 600 2703 Cinyphius
624 2648 811 2691 Pelates:
838 2649 1057 2704 temptanti
1082 2649 1254 2691 dextera
1276 2649 1362 2691 fixa
1385 2657 1449 2692 est

273 2717 337 2749 125
364 2704 536 2759 cuspide
561 2704 845 2747 Marmaridae
872 2703 1069 2760 Corythi,
1093 2705 1293 2761 lignoque
1317 2706 1524 2749 cohaesitz

363 2760 549 2803 haerenti
573 2760 682 2802 latus
707 2761 845 2804 hausit
869 2761 1000 2804 Abas.
1059 2776 1137 2804 nec
1162 2762 1315 2804 corruit
1339 2762 1423 2813 ille,
