1774 3256
359 227 417 270 64
804 234 848 269 Ρ.
875 233 1041 270 OVIDII
1063 231 1280 270 NASONIS

267 330 337 362 360
360 323 402 359 et
423 330 537 358 nunc
560 315 640 358 hac
663 314 824 365 iuveni,
847 328 961 356 nunc
985 313 1334 356 circumfunditur
1356 313 1465 358 illac.

361 372 542 426 denique
565 372 767 414 nitentem
791 378 937 412 contra
960 369 1153 424 elabique
1177 369 1387 413 volentem

359 429 565 484 implicat,
590 435 638 470 ut
661 442 852 483 serpens,
877 441 1004 481 quam
1026 425 1144 482 regia
1167 425 1344 470 sustinet
1367 427 1454 470 ales

362 484 668 539 sublimemque
691 483 799 540 rapit
807 499 819 534 ;
843 483 1032 539 pendens
1057 490 1183 548 caput
1207 482 1279 524 illa
1301 483 1517 540 pedesque

362 540 507 596 alligat
530 547 572 582 et
595 540 731 582 cauda
755 540 980 596 spatiantes
1004 539 1192 595 imphcat
1215 539 1320 582 alas:

270 610 338 642 365
362 604 462 639 utve
486 597 621 638 solent
643 596 823 639 hederae
846 596 996 652 longos
1018 596 1205 638 intexere
1229 603 1417 647 truncos3

362 662 492 708 utque
516 653 596 695 sub
620 652 872 708 aequoribus
897 653 1150 718 deprensum
1173 652 1243 708 pol
1304 667 1354 695 us
1377 652 1542 696 hostem

364 709 566 760 continet,
593 724 646 751 ex
669 709 784 751 omni
808 709 989 751 dimissm
1012 716 1130 764 parte
1152 709 1262 764 flage
1294 708 1343 751 is.

363 773 522 822 perstat
545 766 811 808 Atlantiades
837 772 1085 821 sperataque
1109 765 1266 821 gaudia
1287 765 1500 822 nymphae

363 823 559 878 denegat.
617 822 689 864 illa
711 822 881 878 premit,
906 821 1211 876 commissaque
1236 836 1409 878 corpore
1432 829 1521 865 toto

272 891 341 924 370
365 879 471 921 sicut
494 879 758 929 inhaerebat,
784 883 981 935 “pugnes
1003 878 1114 928 licet,
1138 877 1369 934 improbe,’'
1394 878 1499 920 dixit

367 939 485 978 “non
508 942 649 978 tamen
673 935 853 991 effugies
876 959 933 965 ——
955 935 1014 976 ita
1039 934 1083 976 di
1105 935 1303 985 iubeatis,
1327 941 1369 977 et
1390 935 1518 978 istum

364 991 482 1034 nulla
506 991 595 1035 dies
620 1007 645 1033 a
667 1007 736 1034 me
759 1006 837 1034 nec
859 1006 927 1034 me
952 991 1133 1033 deducat
1157 991 1211 1032 ab
1234 990 1355 1033 isto.''

364 1055 464 1090 vota
487 1063 584 1090 suos
607 1048 793 1091 habuere
817 1048 931 1090 deos.
989 1062 1088 1089 nam
1111 1047 1243 1089 mixta
1266 1047 1446 1090 duorum

366 1119 540 1161 corpora
562 1105 808 1160 iunguntur,
833 1104 1046 1158 faciesque
1070 1103 1283 1146 inducitur
1304 1103 1386 1146 illis

274 1174 341 1206 375
366 1176 463 1203 una.
521 1162 638 1203 velut
661 1161 696 1202 si
720 1161 813 1215 quis
837 1161 1046 1202 conducat
1069 1160 1222 1202 cortice
1245 1174 1397 1210 ramos,

368 1217 594 1259 crescendo
617 1217 737 1273 iungi
759 1217 998 1272 pariterque
1023 1216 1261 1259 adolescere
1286 1216 1436 1260 cernit=

367 1274 427 1316 sic
450 1274 524 1315 ubi
548 1274 770 1329 complexu
794 1273 982 1315 coierunt
1005 1273 1196 1315 membra
1217 1273 1371 1324 tenaci,

366 1344 445 1372 nec
469 1330 554 1371 duo
578 1338 695 1380 sunt,
720 1330 794 1372 sed
817 1329 954 1371 forma
977 1330 1152 1385 duplex,
1176 1343 1255 1372 nec
1277 1329 1436 1373 femina
1458 1328 1544 1372 dici

366 1401 445 1428 nec
468 1401 574 1441 puer
597 1394 645 1428 ut
668 1386 817 1442 possit:
842 1393 1122 1441 neutrumque
1146 1393 1188 1428 et
1214 1392 1439 1442 utrumque
1462 1386 1671 1430 videntur.

276 1454 344 1498 380
368 1457 468 1498 ergo
493 1443 567 1484 ubi
592 1458 636 1485 se
659 1443 861 1497 liquidas,
886 1456 970 1496 quo
994 1442 1059 1484 vir
1082 1442 1373 1492 descenderat,
1397 1442 1534 1486 undas

369 1499 634 1541 semimarem
658 1499 807 1542 fecisse
832 1499 945 1541 videt
969 1498 1212 1554 mollitaque
1234 1499 1278 1540 in
1300 1499 1382 1541 illis

366 1555 575 1605 membra,
600 1571 750 1597 manus
774 1555 950 1598 tendens
974 1554 1069 1609 (sed
1092 1555 1177 1597 iam
1198 1569 1284 1598 non
1307 1569 1411 1599 voce
1433 1554 1563 1611 virili)

366 1612 751 1668 Hermaphroditus
776 1612 834 1654 ait
857 1616 990 1653 “nato
1016 1612 1112 1654 date
1136 1626 1313 1654 munera
1335 1618 1489 1662 vestro,

368 1676 410 1711 et
432 1676 551 1724 pater
575 1676 616 1711 et
639 1668 850 1724 genetrix,
877 1668 1096 1710 amborum
1119 1683 1274 1710 nomen
1297 1667 1488 1711 habenti:

276 1738 343 1770 385
368 1725 558 1780 quisquis
582 1725 623 1766 in
649 1725 724 1767 hos
748 1725 886 1767 fontes
910 1725 974 1766 vir
997 1725 1175 1775 venerit,
1200 1732 1323 1767 exeat
1344 1724 1443 1767 inde

369 1781 537 1823 semivir
559 1788 601 1823 et
624 1781 746 1823 tactis
771 1781 909 1823 subito
933 1781 1149 1823 moHescat
1171 1781 1215 1822 in
1237 1780 1403 1823 undis.”

367 1845 506 1879 motus
529 1844 705 1891 uterque
729 1852 880 1893 parens
903 1837 991 1879 nati
1014 1845 1106 1879 rata
1129 1837 1258 1880 verba
1280 1836 1470 1879 biformis

366 1893 468 1935 fecit
493 1901 533 1936 et
556 1893 720 1949 ingesto
744 1893 903 1936 fontem
926 1893 1203 1936 medicamine
1226 1893 1376 1936 tinxit?

422 1950 541 1992 Finis
566 1958 655 1992 erat
678 1950 813 1992 dictis.
872 1950 947 1992 sed
971 1949 1109 1992 adhuc
1131 1949 1323 2005 Minyeia
1345 1949 1484 2006 proles

276 2020 344 2052 390
368 2014 492 2062 urget
515 2021 621 2062 opus
646 2006 887 2062 spernitque
911 2006 1036 2048 deum
1060 2005 1299 2061 festumque
1322 2006 1534 2062 profanat:

367 2071 569 2118 tympana
593 2078 690 2105 cum
714 2062 852 2104 subito
876 2077 961 2104 non
985 2062 1230 2118 apparentia
1252 2063 1390 2105 raucis

367 2120 640 2175 obstrepuere
665 2119 795 2169 sonis,
820 2126 862 2161 et
886 2119 1050 2161 adunco
1074 2119 1177 2161 tibia
1200 2133 1331 2161 cornu

366 2176 612 2230 tinnulaque
643 2190 741 2217 aera
771 2182 933 2217 sonant.
991 2175 1181 2218 redolent
1209 2189 1460 2231 murraeque
1484 2175 1677 2231 crocique
1685 2191 1698 2226 ;

365 2246 517 2286 resque
540 2232 624 2274 fide
646 2231 798 2274 maior:
824 2246 999 2287 coepere
1023 2232 1229 2274 virescere
1253 2232 1374 2282 telae,
1756 2232 1759 2233 ⁷

277 2302 342 2334 395
367 2288 495 2343 inque
518 2287 698 2330 hederae
721 2287 873 2331 faciem
896 2287 1084 2344 pendens
1108 2288 1374 2330 frondescere
1397 2288 1539 2332 vestis.

366 2360 464 2401 pars
489 2345 577 2386 abit
599 2344 642 2386 in
667 2344 792 2394 vites,
817 2351 858 2387 et
882 2359 991 2399 quae
1015 2344 1141 2386 modo
1165 2345 1236 2386 fila
1258 2344 1443 2394 fuerunt,

366 2401 539 2457 palmite
562 2408 797 2451 mutantur3
824 2401 876 2443 de
901 2401 1078 2443 stamine
1101 2400 1325 2457 pampinus
1349 2400 1453 2451 exit3

366 2472 554 2512 purpura
577 2457 786 2513 fulgorem
809 2457 930 2513 pictis
956 2457 1243 2499 accommodat
1265 2457 1373 2499 uvis.

365 2514 535 2567 iamque
559 2514 648 2556 dies
673 2521 844 2556 exactus
869 2521 976 2564 erat,
1001 2521 1251 2570 tempusque
1275 2512 1459 2563 subibat,

276 2583 343 2615 400
367 2570 481 2624 quod
505 2577 551 2611 tu
574 2585 652 2613 nec
675 2570 868 2612 tenebras
891 2585 970 2612 nec
992 2585 1138 2626 posses
1162 2569 1301 2612 dicere
1323 2569 1475 2621 lucem,

367 2626 442 2668 sed
466 2640 563 2667 cum
585 2627 678 2669 luce
703 2633 844 2669 tamen
869 2626 1022 2670 dubiae
1046 2625 1227 2669 confinia
1249 2626 1404 2669 noctis:

366 2690 477 2724 tecta
500 2690 670 2737 repente
695 2682 810 2736 quati
833 2683 1098 2739 pinguesque
1122 2683 1269 2726 ardere
1291 2681 1489 2726 videntur

365 2737 581 2794 lampades
606 2746 647 2782 et
671 2739 804 2781 rutilis
829 2740 1035 2782 collucent
1058 2739 1227 2795 ignibus
1252 2739 1390 2782 aedes.
