1786 3242
69 286 73 292 .
318 250 812 291 METAMORPHOSEON
834 250 931 288 Lm.
957 252 1006 288 x.
1031 252 1203 290 91—178.
1364 241 1448 287 167

45 311 62 336 ς,

53 323 155 379 ἶΙιῡιὶ
177 331 286 390 petit
308 346 336 375 a
359 333 544 389 superis,
568 341 616 375 ut
640 341 829 389 tempore
852 334 998 390 lugeat
1021 333 1149 375 omni.
1476 346 1541 378 135

42 391 264 457 rixaque,
286 403 364 446 per
385 388 614 432 immensos
638 398 785 446 egesto
810 390 1016 446 sanguine
1039 390 1177 441 fletus,

57 447 107 493 ,“
141 445 320 490 viridem
344 445 452 488 verti
476 453 708 502 coeperunt
732 446 923 489 membra
947 447 1150 498 colorem;

58 510 119 549 τοι
139 501 267 546 modo
290 501 365 557 qui
387 502 513 554 nivea
535 503 780 558 pendebant
802 503 942 546 fronte
966 503 1121 559 capilli,

73 558 245 605 horrida
267 558 476 605 caesaries
500 559 611 610 fieri,
636 567 890 616 sumptoque
914 560 1053 616 rigore

14 619 16 622 ’
71 615 286 660 fflereum
309 615 458 672 gracili
481 623 671 671 spectare
695 616 916 659 cacumine
941 617 1118 659 caelum.
1244 650 1247 653 .
1476 631 1544 664 140

16 679 24 726 ᾗ
43 694 55 724 1
69 671 280 730 ingemuit
301 671 514 727 tristisque
539 672 643 714 deus
668 673 888 727 ‘lugebere
912 672 1035 715 nobis

173 727 325 784 bisque
348 727 453 771 alios
477 728 700 783 aderisque
725 729 982 771 dolentibus’
1008 729 1156 784 inquit.

77 742 239 828 ⁴⁸'gfale
262 799 413 828 nemus
436 792 556 828 vates
579 792 828 835 attraxerat,
852 785 981 840 inque
1005 785 1193 828 ferarum
1374 797 1542 843 Orpheus.

12 870 17 890 f
46 841 252 890 *foonoilio
276 840 442 884 medius
467 840 594 884 turba
617 842 923 896 volucrumque
949 842 1137 885 sedebat.

73 905 123 942 ut
143 898 246 942 satis
269 897 473 954 impulsas
493 898 719 954 >temptavit
742 899 893 954 pollice
918 898 1111 950 chordas,
1476 914 1541 946 145

69 962 119 999 et
139 954 270 998 sensit
291 953 450 1004 varios,
474 954 670 1010 quamvis
696 955 864 998 diversa
887 964 1099 1006 sonarent,

68 1010 328 1055 concordare
351 1011 520 1061 modos,
543 1011 625 1054 hoc
649 1026 797 1055 vocem
821 1012 1007 1055 carmine
1031 1013 1183 1055 movit:

47 1069 53 1077 “
130 1067 218 1110 ‘Ab
241 1067 366 1118 Iove,
389 1067 522 1110 Musa
545 1082 698 1125 parens
720 1092 779 1100 -—
802 1068 959 1111 cedunt
982 1069 1096 1111 Iovis
1122 1069 1265 1113 omnia
1289 1085 1422 1127 regno
1446 1095 1506 1102 —

12 1141 46 1199 ξ,
69 1123 262 1168 carmina
284 1131 430 1167 nostra
451 1138 588 1168 move.
647 1125 763 1168 Iovis
788 1134 852 1168 est
875 1125 978 1167 mihi
1005 1141 1132 1182 saepe
1157 1134 1345 1183 potestas

16 1179 45 1235 ἓξ
69 1180 187 1224 «dicta
209 1180 346 1237 prius:
372 1181 506 1224 cecini
529 1182 689 1238 plectro
712 1182 907 1238 graviore
934 1181 1145 1238 Gigantas
1476 1198 1543 1230 150

20 1230 43 1295 3
71 1251 306 1294 sparsaque
328 1236 580 1294 Phlegraeis
603 1238 793 1282 victricia
817 1239 997 1282 fulmina
1021 1239 1195 1296 campis.

72 1308 187 1337 nunc
209 1308 317 1351 opus
341 1301 406 1337 est
427 1294 587 1338 leviore
609 1296 719 1351 lyra:
744 1310 984 1352 puerosque
1010 1310 1211 1339 canamus

18 1363 43 1410 2¹,-
68 1349 247 1397 dilectos
270 1350 455 1407 superis,
479 1351 821 1407 inconcessisque
844 1353 1008 1409 puellas

23 1411 35 1430 '¹
71 1406 244 1464 ignibus
267 1407 467 1451 attonitas
491 1409 695 1451 meruisse
719 1409 894 1452 libidine
918 1425 1113 1466 poenam.
1474 1425 1541 1457 154

127 1463 226 1508 Rex
247 1478 449 1520 superum
471 1464 653 1521 Phrygii
677 1466 893 1521 quondam
919 1466 1184 1523 Ganymedis
1210 1481 1353 1511 amore
1419 1467 1540 1512 Gany-

21 1527 39 1577 ⁴[j
67 1520 192 1571 ιιι-εἰη
217 1527 260 1564 et
281 1520 501 1564 inventum
525 1532 590 1565 est
613 1522 793 1577 aliquid,
817 1524 933 1578 quod
958 1524 1148 1580 Iuppiter
1172 1539 1278 1575 esse,
1416 1513 1540 1548 medes.

14 1589 37 1635 ζ
224 1577 341 1632 quod
364 1585 474 1628 erat,
497 1579 655 1621 mallet.
714 1580 832 1622 nulla
856 1588 998 1623 tamen
1022 1581 1121 1623 alite
1145 1582 1253 1624 verti

1 1643 37 1693 33¹
66 1590 286 1690 ffltur,
309 1633 392 1677 nisi
414 1648 525 1690 quae
548 1642 692 1692 posset
714 1652 793 1678 sua
817 1636 996 1679 fulmina
1020 1637 1143 1680 ferre.

3 1696 46 1770 Ξ·
70 1704 152 1734 nec
174 1704 311 1734 mora:
367 1706 538 1734 ercusso
561 1692 836 1735 mendacibus
861 1696 957 1736 aere
981 1694 1130 1750 pennis

64 1746 227 1803 abripit
249 1747 330 1790 Ilia
361 1762 435 1798 em
459 1747 535 1802 qui
557 1763 672 1791 nunc
696 1763 867 1805 quoque
892 1750 1045 1806 pocula
1068 1751 1217 1794 miscet
1475 1766 1542 1799 160

12 1803 33 1858 {f
68 1802 288 1859 invitaque
313 1803 406 1847 Iovi
428 1813 575 1848 nectar
597 1805 763 1849 Iunone
786 1807 1008 1849 ministrat.

14 1861 35 1918 ξ.
127 1859 193 1903 Te
205 1874 390 1916 quoque,
407 1861 650 1918 Amyclide,
663 1863 872 1918 posuisset
890 1863 934 1905 in
954 1864 1123 1907 aethere
1136 1864 1355 1915 Phoebus,
1381 1865 1542 1910 Hyacin-

14 1939 20 1966 1
67 1916 208 1960 tristia
229 1917 266 1960 si
289 1917 474 1973 spatium
497 1919 682 1975 ponendi
706 1919 797 1962 fata
821 1920 1048 1963 dedissent.
1417 1911 1506 1945 thus.

67 1987 158 2030 qua
179 1973 296 2024 licet,
320 1982 516 2018 aeternus
540 1982 682 2019 tamen
707 1991 771 2027 es;
796 1977 1076 2032 quotiensque
1099 1977 1265 2034 repellit

69 2044 148 2074 ver
168 2029 372 2080 hiemem,
395 2030 597 2087 Piscique
620 2033 748 2075 Aries
773 2034 963 2076 succedit
985 2048 1160 2089 aquoso,
1475 2049 1541 2081 165

67 2094 120 2130 tu
141 2087 295 2130 totiens
319 2087 450 2132 oreris
473 2088 683 2145 viridique
707 2090 751 2132 in
776 2091 962 2146 caespite
986 2091 1124 2134 flores.

67 2149 115 2187 te
137 2157 258 2187 meus
282 2151 379 2187 ante
403 2159 550 2188 omnes
573 2146 741 2202 genitor
765 2146 924 2189 dilexit.
985 2155 1027 2190 et
1052 2148 1155 2191 orbe

67 2199 116 2242 in
137 2200 279 2244 medio
302 2201 429 2258 positi
453 2211 681 2246 caruerunt
704 2203 898 2259 praeside
922 2203 1096 2260 Delphi,

10 2275 12 2279 ·
72 2256 176 2300 dum
199 2256 305 2300 deus
329 2257 522 2301 Eurotan
547 2259 900 2315 immunitamque
924 2260 1167 2315 frequentat

17 2349 18 2352 ,
68 2310 274 2370 Sparten:
298 2329 378 2358 nec
402 2315 588 2360 citharae
611 2331 691 2359 nec
715 2324 814 2359 sunt
835 2317 880 2359 in
903 2317 1063 2360 honore
1087 2318 1283 2375 sagittae.
1474 2332 1541 2365 170

14 2388 17 2393 ⁴
70 2368 294 2413 immemor
315 2370 408 2428 ipse
432 2372 499 2415 sui
521 2387 609 2415 non
632 2373 739 2416 retia
762 2373 872 2416 ferre
896 2382 1077 2425 recusat,

67 2439 157 2470 non
179 2427 366 2471 tenuisse
391 2442 536 2480 canes,
561 2444 647 2472 non
670 2445 747 2486 per
770 2430 874 2486 iuga
896 2431 1050 2474 montis
1074 2431 1210 2486 iniqui

66 2481 133 2527 ire
155 2497 316 2535 comes;
340 2485 554 2542 longaque
579 2486 654 2528 alit
677 2487 950 2530 assuetudine
974 2488 1181 2531 flammas.

12 2541 22 2586 {—
68 2538 240 2595 iamque
263 2540 354 2584 fere
376 2542 542 2585 medius
566 2542 695 2585 Titan
718 2543 924 2586 venientis
949 2553 991 2587 et
1015 2554 1135 2588 actae

67 2596 205 2640 noctis
229 2605 339 2647 erat,
364 2599 586 2655 spatioque
609 2599 701 2656 pari
725 2600 910 2643 distabat
933 2602 1122 2657 utrique:
1473 2616 1539 2648 175

14 2654 27 2689 ἒ
61 2665 247 2710 ⁴corpora
269 2662 387 2698 veste
410 2655 572 2706 levant,
597 2664 640 2699 et
663 2671 765 2699 suco
789 2657 960 2714 pinguis
984 2658 1086 2701 olivi

0 2683 26 2759 l
66 2708 370 2766 splendescunt
391 2711 551 2768 latique
574 2713 724 2756 ineunt
747 2714 978 2757 certamina
1002 2715 1120 2759 disci.

7 2775 25 2818 13}
65 2779 197 2822 quem
218 2767 336 2825 prius
361 2768 496 2813 ae'rias
521 2769 721 2813 libratum
745 2770 948 2815 Phoebus
972 2772 1017 2815 in
1041 2788 1166 2817 auras
