1786 3242
284 270 779 309 METAMORPHOSEON
800 271 899 308 LIB.
924 272 993 308 IX.
1019 271 1212 308 627-714.
1353 261 1435 304 161

194 369 252 397 ua
273 352 328 401 de
350 352 476 411 plebe
499 353 651 396 virum.
710 367 789 396 nec
813 367 965 396 census
989 353 1033 396 in
1056 353 1128 396 illo

150 410 283 455 ilitate
307 425 384 453 sua
407 409 554 461 maior,
580 409 656 453 sed
679 410 767 452 vita
790 409 980 465 fidesque

39 467 280 525 gffinculpata
301 466 396 510 fuit.
454 467 658 523 gravidae
681 466 756 522 qui
779 466 972 523 coniugis
996 481 1120 509 aures

34 553 43 574 z
63 523 240 570 vocibus
263 523 330 567 his
353 523 536 574 monuit,
561 537 660 566 cum
682 522 769 565 iam
791 538 923 580 prope
947 531 1093 580 partus
1117 522 1304 566 adesset:

31 585 197 639 33‘quae
218 595 419 630 voveam,
443 580 529 622 duo
553 586 670 630 sunt,
693 579 868 622 minimo
892 587 940 622 ut
961 581 1148 623 relevere
1173 579 1333 631 dolore,
1462 590 1530 624 675

35 641 38 642 ’
62 645 203 695 ntque-
219 651 381 680 marem
404 636 558 692 parias.
618 636 834 679 onerosior
857 636 990 679 altera
1013 650 1104 679 sors
1129 644 1206 688 est,

40 699 43 702 ’
58 701 109 740 et
129 693 242 738 vires
263 693 434 737 fortuna
456 699 599 748 negat.
658 692 774 747 quod
797 693 1029 743 abominor,
1054 706 1157 749 ergo

47 749 179 797 «lita
200 750 310 794 forte
333 758 408 792 tuo
431 748 560 792 fuerit
583 748 620 791 si
642 748 802 791 femina
824 757 962 805 partu,
985 773 1046 780 —

42 805 222 852 sinvitus
245 806 421 850 mando:
446 806 601 862 pietas,
624 804 818 862 ignosce!
841 829 901 836 —-
923 804 1125 849 necetur.’

36 862 246 915 ¹²>'dixeram
270 871 314 907 et
334 861 519 906 lacrimis
542 862 708 904 vultum
730 862 873 904 lavere
926 862 1081 905 rofusis
1465 875 1533 908 680

34 918 45 925 ’
59 928 153 966 um
174 920 249 977 qui
271 919 519 970 mandabat,
543 933 674 974 quam
697 919 766 962 cui
789 934 888 961 man
920 926 990 962 ata
1014 919 1237 961 dabantur.

30 977 46 1019 2
61 977 147 1031 esd⁸
162 984 306 1021 tamen
328 992 379 1020 us
409 990 465 1019 ue
489 990 614 1019 suum
637 975 758 1018 vanis
782 975 1014 1019 Telethusa
1037 975 1237 1018 maritum

4 1080 6 1082 ,
62 1033 260 1079 sollicitat
281 1033 398 1091 preci
429 1047 499 1084 us,
523 1048 577 1076 ne
601 1047 721 1088 spem
746 1031 826 1075 sibi
850 1040 982 1088 ponat
1004 1032 1049 1075 in
1072 1039 1178 1075 arto.

59 1097 181 1136 certa
201 1105 281 1134 sua
303 1098 368 1134 est
390 1089 534 1146 Ligdo
559 1089 779 1133 sententia.
837 1089 1009 1144 iamque
1033 1089 1208 1132 ferendo

6 1159 7 1163 ’
39 1150 46 1198 J
61 1147 138 1192 vix
164 1154 255 1192 erat
277 1147 350 1190 illa
371 1161 549 1204 gravem
571 1152 738 1189 maturo
762 1146 950 1202 pondere
974 1153 1179 1195 ventrem,
1443 1145 1447 1152 '
1466 1157 1532 1192 685

59 1219 162 1251 cum
183 1203 326 1248 medio
348 1203 485 1247 noctis
509 1203 645 1260 spatio
669 1203 750 1246 sub
773 1202 959 1259 imagine
985 1203 1122 1246 somni

10 1298 40 1302 ,.
61 1260 234 1305 Inachis
257 1267 357 1304 ante
379 1267 540 1311 torum,
563 1274 723 1317 pompa
746 1260 945 1303 comitata
969 1274 1157 1310 suorum,

0 1334 35 1371 ρ
58 1324 138 1362 sut
159 1317 292 1368 stetit,
316 1324 392 1360 aut
413 1317 506 1360 visa
529 1323 607 1360 est.
665 1317 831 1359 inerant
854 1317 1020 1366 lunaria
1042 1315 1174 1359 fronti

12 1406 13 1409 =
58 1388 223 1420 cornua
245 1389 344 1418 cum
367 1373 495 1431 spicis
517 1373 651 1416 nitido
674 1373 928 1416 flaventibus
953 1388 1072 1423 auro,

16 1435 107 1489 ,σοι
126 1431 271 1489 regale
294 1430 440 1474 decus.
498 1444 598 1473 cum
620 1444 706 1485 qua
727 1430 904 1472 latrator
926 1430 1097 1472 Anubis
1442 1429 1535 1476 '690

60 1495 294 1544 sanctaque
315 1487 521 1530 Bubastis
543 1487 771 1542 variusque
796 1486 1006 1529 coloribus
1030 1487 1156 1543 Apis,

7 1581 14 1603 ,ι
38 1544 220 1602 [quique
242 1544 397 1602 premit
419 1558 571 1588 vocem
594 1543 812 1600 digitoque
837 1543 1004 1586 silentia
1028 1544 1197 1587 suadet:

10 1608 15 1613 '
59 1601 270 1658 sisu-aque
294 1608 433 1651 erant,
457 1615 778 1656 numquamque
802 1600 904 1643 satis
929 1600 1145 1656 quaesitus
1171 1598 1324 1651 Osiris,

34 1687 49 1717 4
57 1658 272 1717 plenaque
295 1657 535 1701 somniferis
558 1671 732 1714 serpens
755 1656 980 1714 peregrina
1003 1657 1190 1700 venenis.

5 1749 12 1761 2
46 1721 154 1769 ,tum
175 1715 295 1758 velut
317 1729 540 1758 excussam
563 1728 713 1756 somno
737 1722 780 1756 et
802 1713 1028 1757 manifesta
1051 1714 1267 1757 videntem
1464 1727 1532 1759 695

15 1820 19 1823 ,
53 1771 123 1816 ”sic
145 1771 291 1815 adfata
315 1771 396 1815 dea
419 1778 503 1815 est:
529 1775 646 1827 ‘pars
671 1785 696 1813 ο
722 1770 955 1814 Telethusa
978 1785 1185 1822 mearum,

12 1853 20 1886 J=
47 1842 172 1887 pone
194 1843 348 1886 graves
372 1842 496 1871 curas
519 1827 805 1882 mandataque
828 1827 929 1870 falle
953 1827 1107 1878 mariti,

13 1924 18 1934 ,
56 1899 139 1930 nec
162 1884 350 1936 dubites,
374 1899 473 1928 cum
496 1891 539 1928 te
562 1891 688 1941 partu
711 1883 880 1926 Lucina
902 1884 1066 1933 levarit,

3 1965 27 1990 s,
43 1942 206 1986 ‘tollere
219 1941 434 1998 'quioquid
457 1941 549 1985 erit.
609 1941 690 1983 dea
713 1955 808 1983 sum
832 1940 1047 1984 auxiliaris
1073 1955 1284 1997 opemque

57 2005 235 2051 exorata
257 1998 369 2050 fer03
393 2011 473 2042 nec
496 2005 539 2042 te
562 1997 743 2041 coluisse
765 1998 955 2053 quereris
1068 2048 1072 2052 ⁴
1466 2011 1534 2043 τοο

19 2055 275 2122 {ingratum
297 2054 484 2098 numen?
542 2054 708 2098 monuit
731 2054 1004 2110 thalamoque
1027 2055 1213 2098 recessit.

23 2116 43 2171 ³55
58 2111 172 2157 laeta
193 2119 288 2155 toro
311 2111 448 2170 surgit
499 2126 684 2168 urasque
709 2111 764 2154 ad
789 2111 927 2154 sidera
952 2112 1133 2168 supplex

0 2173 1 2198 ¹
25 2171 43 2226 ᾗ
58 2166 219 2213 Cressa
239 2183 392 2212 manus
415 2126 588 2220 tolfens,
612 2175 705 2211 rata
728 2168 812 2211 sint
835 2183 914 2211 sua
937 2168 1048 2219 visa,
1071 2175 1283 2225 precatur.

62 2231 110 2268 ut
131 2225 252 2268 dolor
273 2225 453 2270 increvit
475 2239 606 2281 seque
629 2226 771 2281 ipsum
795 2225 962 2282 pondus
986 2225 1031 2268 in
1055 2240 1180 2267 auras

22 2278 224 2342 {expulit
246 2289 291 2326 ct
311 2289 414 2326 nata
437 2289 502 2325 est
524 2282 674 2339 ignaro
698 2282 858 2325 femina
881 2290 1017 2338 patre,
1467 2295 1532 2327 705

24 2337 182 2391 sff'iussit
203 2338 260 2382 ali
283 2346 420 2383 mater
442 2354 624 2396 puerum
647 2338 844 2390 mentita3
868 2339 1082 2394 fidemque

12 2398 128 2443 res
150 2395 321 2446 habuit,
345 2410 486 2451 neque
510 2403 601 2439 erat
623 2395 712 2438 ficti
734 2395 816 2438 nisi
840 2395 1010 2439 conscia
1032 2395 1190 2439 nutrix.

23 2457 160 2532 {vota
181 2459 304 2509 pater
325 2452 452 2496 solvit
473 2466 715 2508 nomenque
738 2451 919 2508 imponit
942 2451 1124 2495 avitum:

26 2510 56 2571 «ζ
58 2506 180 2566 Iphis
204 2523 311 2552 avus
334 2508 487 2553 fuerat.
545 2509 694 2566 gavisa
718 2516 783 2552 est
805 2509 977 2552 nomine
1000 2516 1150 2559 mater,

13 2565 177 2630 {quod
200 2579 426 2609 commune
449 2565 579 2617 foret,
602 2580 657 2609 ne
681 2579 939 2621 quemquam
962 2565 1129 2609 faHeret
1152 2566 1238 2608 illo.
1468 2578 1536 2612 ¹110

25 2620 118 2673 {sim
172 2629 319 2679 rcepta
340 2622 413 2679 pia
436 2622 659 2666 mendacia
681 2622 834 2666 fraude
857 2622 1060 2666 latebant.

16 2727 21 2737 ,
50 2683 55 2730 ‘j
130 2686 199 2722 tus
223 2686 315 2722 erat
337 2679 479 2736 pueri3
502 2679 655 2730 facies,
681 2693 810 2734 quam
835 2679 924 2722 sive
948 2679 1129 2736 puellae,

55 2734 150 2779 sive
172 2735 296 2780 dares
319 2751 467 2793 puero,
491 2736 611 2780 fieret
634 2735 847 2779 formosus
871 2742 1065 2791 uterque.

9 2830 22 2845 Ἴ,
50 2854 53 2857 Α
101 2791 207 2835 rtius
230 2791 394 2838 interea
417 2793 582 2837 decimo
607 2800 868 2838 successerat
891 2808 1047 2837 annus:

18 2876 22 2886 .
127 2857 216 2889 onas
229 2858 280 2889 σοι.
292 2858 334 2889 ιι.
1164 2861 1209 2897 11
