1774 3256
369 253 426 297 82
838 261 881 296 P.
908 261 1073 298 0V1D11
1096 260 1313 298 NASONIS

370 342 582 386 Trinacris
606 350 648 386 et
670 342 835 398 magnis
860 342 1096 384 subiectum
1119 342 1300 385 molibus
1323 349 1446 399 urget

371 400 578 443 aetherias
603 413 752 441 ausum
776 413 945 454 sperare
969 398 1175 454 Typhoea
1199 399 1332 441 sedes.

369 456 516 498 nititur
537 455 608 497 ille
632 455 803 509 quidem
828 462 1073 510 pugnatque
1097 469 1315 510 resurgere
1341 470 1486 511 saepe·

280 527 346 558 850
371 513 519 554 dextra
543 511 616 554 sed
641 510 834 552 Ausonio
858 526 1008 552 manus
1032 518 1096 554 est
1119 511 1308 554 subiecta
1330 511 1497 562 Peloro,

369 569 510 618 laeva,
533 567 756 623 Pachyne‚
781 567 877 609 tibi:
902 566 1112 622 Lilybaeo
1136 582 1258 610 crura
1280 575 1547 633 premuntur·

371 625 575 680 degravat
597 624 739 666 Aetna
762 630 902 679 caput.
961 623 1041 665 sub
1065 637 1150 689 qua
1172 623 1394 679 resupinus
1417 624 1599 667 harenas

371 682 522 724 eiectat
544 681 842 734 flammamque
865 679 955 723 fero
980 680 1112 722 vomit
1136 694 1207 722 ore
1231 680 1475 736 Typhoeus.

371 752 496 793 saepe
519 737 702 779 remoliri
725 737 908 778 luctatur
930 737 1118 791 pondera
1141 744 1276 779 terrae

281 808 346 840 355
372 793 612 859 oppidaque
636 801 677 835 et
700 807 878 848 magnos
903 793 1125 835 devolvere
1135 807 1323 858 ‘corpore
1346 799 1525 835 montes.

269 850 273 853 ’
370 850 469 892 inde
493 849 633 892 tremit
655 850 798 899 tellus,
823 856 865 891 et
887 864 962 891 rex
985 856 1111 905 pavet
1133 849 1223 905 ipse
1249 849 1458 899 silentum,

370 921 424 949 ne
448 913 591 972 pateat
613 906 783 960 latoque
808 905 942 947 solum
966 912 1181 961 retegatur
1203 905 1335 955 hiatu,

371 962 668 1016 immissusque
693 962 781 1004 dies
805 961 1062 1017 trepidantes
1086 969 1240 1004 terreat
1262 962 1448 1003 umbras.

370 1019 480 1060 hanc
502 1027 694 1061 metuens
718 1018 879 1060 cladem
903 1019 1126 1060 tenebrosa
1149 1018 1247 1060 sede
1271 1025 1476 1073 tyrannus

282 1090 349 1122 360
373 1075 550 1124 exierat,
575 1088 784 1129 curruque
808 1081 993 1117 atrorum
1017 1082 1162 1116 vectus
1187 1089 1392 1129 equorum

371 1131 560 1173 ambibat
584 1130 753 1174 Siculae
777 1138 924 1173 cautus
948 1130 1197 1173 fundamina
1219 1141 1368 1173 terrae.

370 1195 595 1252 postquam
618 1187 881 1243 exploratum
905 1187 1005 1229 satis
1030 1195 1106 1237 est,
1130 1188 1223 1230 loca
1245 1187 1363 1229 nulla
1384 1186 1543 1237 labare,

372 1243 646 1300 depositoque
669 1250 805 1292 metu,
829 1243 942 1285 videt
967 1243 1081 1285 hunc
1104 1243 1291 1299 Erycina
1313 1250 1540 1299 vagantem

370 1307 513 1342 monte
536 1314 613 1342 suo
636 1299 837 1350 residens,
860 1307 1090 1354 natumque
1115 1300 1309 1355 amplexa
1330 1300 1544 1342 volucrem

282 1371 347 1403 365
373 1360 414 1381 “‘
421 1372 538 1398 arma
561 1370 795 1411 manusque
818 1371 957 1406 meae,
981 1371 1095 1405 mea,
1118 1365 1235 1406 nate,
1259 1355 1500 1412 potentia‚’'’
1525 1354 1647 1406 dixit,

372 1413 510 1463 “‘illa,
534 1412 688 1466 quibus
713 1427 886 1468 superas
910 1427 1074 1461 omnes,
1100 1427 1204 1468 cape
1227 1413 1330 1463 tela,
1355 1410 1538 1468 Cupido,
1564 1450 1574 1460 ,

370 1470 498 1535 inque
523 1469 591 1511 dei
614 1476 762 1524 pectus
787 1469 943 1511 celeres
966 1469 1111 1511 molire
1138 1469 1324 1524 sagittas,

374 1526 443 1568 cui
467 1525 652 1591 triplicis
665 1525 789 1567 cessit
812 1525 982 1567 fortuna
1005 1525 1232 1567 novissima
1253 1525 1387 1591 regni.

371 1590 418 1624 tu
443 1596 616 1637 superos
640 1581 864 1637 ipsumque
887 1582 1054 1632 Iovem,
1079 1589 1126 1623 tu
1148 1581 1323 1623 numina
1344 1580 1463 1638 ponti

282 1652 348 1684 370
372 1639 484 1680 victa
508 1638 688 1680 domas
676 1652 919 1694 ipsumque,
943 1638 1052 1694 regit
1076 1638 1148 1693 qui
1171 1638 1345 1680 numina
1366 1637 1498 1694 ponti.

371 1695 550 1737 Tartara
573 1694 676 1749 quid
700 1695 888 1737 cessant?
913 1709 987 1737 cur
1010 1709 1095 1736 non
1118 1695 1346 1749 matrisque
1370 1702 1575 1749 tuumque

371 1751 595 1807 imperium
617 1751 807 1806 profers?
831 1751 971 1806 agitur
993 1766 1091 1806 pars
1115 1751 1238 1793 tertia
1260 1750 1420 1793 mundi.

373 1815 415 1850 et
439 1815 581 1850 tamen
603 1807 647 1849 in
672 1807 803 1857 caelo,
828 1821 936 1862 quae
960 1807 1045 1849 iam
1069 1808 1272 1862 patientia
1293 1814 1438 1849 nostra
1461 1814 1549 1857 est,

374 1863 623 1919 spernimur,
647 1877 697 1905 ac
719 1878 887 1906 mecum
910 1863 1019 1906 vires
1043 1864 1291 1905 minuuntur
1313 1863 1499 1905 Amoris.

283 1933 349 1965 375
373 1920 552 1962 Pallada
574 1934 713 1961 nonne
736 1920 854 1962 vides
878 1920 1247 1974 iaculatricemque
1271 1919 1458 1961 Dianam

372 1976 623 2019 abscessisse
646 1976 775 2017 mihi?
810 1974 976 2019 Cereris
1001 1990 1168 2030 quoque
1192 1976 1277 2018 filia
1302 1976 1435 2031 virgo,

373 2033 408 2074 si
431 2033 652 2089 patiemur,
677 2032 767 2074 erit.
825 2047 925 2074 nam
949 2047 1045 2087 spes
1070 2032 1238 2074 affectat
1262 2032 1443 2074 easdem.

372 2098 415 2131 at
438 2097 504 2140 tu,
528 2103 603 2145 pro
629 2089 759 2138 socio,
785 2088 820 2130 si
844 2102 929 2143 qua
952 2097 1014 2131 est
1041 2103 1090 2130 ea
1113 2089 1267 2145 gratia,
1291 2103 1438 2145 regno,

371 2146 500 2212 iunge
524 2145 646 2187 deam
670 2153 833 2200 patruo.
836 2145 874 2162 '''
933 2145 1038 2187 dixit
1061 2146 1221 2188 Venus.
1279 2145 1350 2188 ille
1372 2144 1612 2201 pharetram

282 2215 349 2247 380
373 2202 497 2244 solvit
520 2209 562 2244 et
586 2202 755 2243 arbitrio
780 2201 925 2244 matris
949 2202 1001 2243 de
1025 2202 1138 2244 mille
1163 2201 1324 2257 sagittis

371 2274 501 2300 unam
525 2258 730 2314 seposuit,
754 2258 829 2300 sed
852 2271 937 2312 qua
960 2273 1038 2300 nec
1062 2258 1223 2300 acutior
1245 2258 1332 2300 ulla

371 2329 450 2357 nec
473 2315 611 2356 minus
636 2315 796 2356 incerta
819 2323 900 2364 est,
925 2328 1003 2356 nec
1027 2329 1135 2368 quae
1159 2314 1295 2370 magis
1320 2313 1464 2356 audiat
1488 2328 1623 2356 arcus.

372 2371 648 2427 oppositoque
672 2385 785 2426 genu
810 2371 1000 2412 curvavit
1023 2371 1159 2412 flexile
1185 2385 1360 2412 cornum

372 2428 502 2482 inque
527 2442 599 2470 cor
621 2427 790 2469 hamata
813 2427 1019 2493 percussit
1045 2427 1276 2468 harundine
1301 2426 1459 2468 Ditem.

283 2498 348 2530 385
429 2484 562 2525 Haud
585 2484 731 2539 procul
754 2483 971 2526 Hennaeis
995 2484 1111 2525 lacus
1136 2490 1199 2525 est
1223 2499 1248 2525 a
1271 2483 1491 2525 moenibus
1515 2483 1640 2534 altae,

371 2540 540 2582 nomine
563 2539 748 2595 Pergus,
774 2554 922 2595 aquae.
980 2554 1065 2581 non
1089 2540 1160 2581 illo
1183 2540 1305 2605 plura
1329 2538 1531 2595 Caystros

372 2596 558 2638 carmina
582 2611 810 2652 cycnorum
832 2596 1071 2639 labentibus
1095 2596 1213 2638 aud1t
1236 2611 1280 2638 m
1303 2596 1440 2638 undis.

373 2653 479 2694 silva
502 2660 674 2694 coronat
697 2667 828 2707 aquas
854 2652 1025 2708 cingens
1048 2653 1158 2694 latus
1183 2667 1319 2702 omne,
1344 2652 1516 2707 suisque

372 2708 592 2750 frondibus
616 2715 663 2750 ut
686 2710 780 2751 velo
804 2708 1027 2751 Phoebeos
1051 2717 1286 2751 summovet
1307 2708 1440 2764 ignes.

283 2778 349 2809 390
372 2764 531 2821 frigora
555 2765 655 2807 dant
679 2766 803 2816 rami,
830 2766 966 2808 varios
990 2765 1143 2808 humus
1167 2765 1310 2808 umida
1333 2765 1475 2807 flores:
