1786 3242
251 466 323 498 230

253 745 322 777 235

255 1026 326 1058 240

256 1306 325 1338 245

258 1587 329 1619 250

261 1867 329 1899 255

262 2148 332 2179 260

264 2428 331 2460 265

267 2710 333 2741 270

348 251 431 294 186
790 257 833 292 Ρ.
860 254 1025 292 OVIDII
1048 252 1266 291 NASONIS

343 339 465 383 iussit
488 346 529 382 et
553 337 771 393 amplexus
795 336 839 379 in
862 334 1035 391 virginis
1059 335 1120 377 ire
1143 334 1344 377 marinae.

347 403 411 439 est
434 395 550 437 sinus
574 392 836 435 Haemoniae
861 405 1011 434 curvos
1035 390 1215 433 falcatus
1238 390 1283 433 in
1305 404 1449 441 arcus3

347 450 545 494 bracchia
567 456 836 505 procurrunt:
863 447 955 497 ubi,
980 447 1016 488 si
1037 446 1146 490 foret
1169 447 1291 489 altior
1314 446 1442 497 unda,

346 515 491 564 portus
515 513 623 555 erat;
649 504 822 546 summis
845 503 1064 546 inductum
1088 510 1151 546 est
1176 516 1334 557 aequor
1355 501 1538 546 harenis.

345 564 444 606 litus
467 562 594 604 habet
618 560 818 611 solidum,
843 559 958 615 quod
980 573 1059 602 nec
1082 558 1261 615 vestigia
1283 566 1421 602 servet

346 634 426 662 nec
449 625 682 661 remoretur
705 617 797 667 iter,
821 631 900 659 nec
923 623 1115 672 opertum
1138 614 1318 671 pendeat
1343 615 1454 671 alga.

346 682 511 732 myrtea
535 674 640 716 silva
664 673 826 722 subest,
851 672 1105 714 bicoloribus
1130 672 1266 714 obsita
1289 670 1419 713 bacis.

347 739 410 775 est
434 745 583 787 specus
607 730 651 771 in
674 730 812 772 medio
820 745 831 779 ;
856 737 1008 771 natura
1030 728 1166 771 factus
1191 743 1246 770 an
1268 734 1371 777 arte,

347 788 614 843 ambiguum:
639 786 775 841 magis
799 795 887 828 arte
911 792 1065 827 tamen.
1124 798 1208 839 quo
1233 799 1304 827 sae
1335 799 1358 827 e
1382 783 1528 827 venire

347 845 511 887 frenato
536 842 732 898 delphine
757 842 927 892 sedens,
951 841 1097 891 Theti,
1121 841 1236 883 nuda
1260 855 1306 883 so
1323 840 1438 883 ebas.

347 901 432 944 illic
455 907 496 943 te
519 899 694 949 Peleus,
718 906 764 940 ut
789 913 934 940 somno
958 897 1099 940 vincta
1121 897 1302 946 iacebas,

348 963 527 1012 occupat
551 963 610 1006 et,
634 955 833 1009 quoniam
857 954 1052 1010 precibus
1076 961 1279 1009 temptata
1301 967 1528 1019 repugnas,

349 1014 434 1055 vim
458 1019 597 1068 parat,
621 1011 837 1053 innectens
862 1010 1067 1052 ambobus
1091 1011 1198 1053 colla
1220 1010 1399 1052 lacertis.

349 1069 463 1124 quod
485 1068 566 1110 nisi
589 1068 794 1116 venisses,
819 1067 987 1109 variatis
1013 1081 1137 1122 saepe
1161 1066 1322 1122 figuris,

350 1125 405 1168 ad
428 1125 570 1167 solitas
595 1131 723 1173 artes,
747 1137 850 1165 auso
874 1123 983 1165 foret
1006 1123 1075 1165 ille
1098 1123 1269 1179 potitus.

350 1182 424 1225 sed
448 1180 573 1222 modo
597 1187 644 1221 tu
667 1179 868 1221 volucris:
892 1180 1106 1222 volucrem
1129 1187 1270 1222 tamen
1292 1178 1363 1221 ille
1386 1178 1575 1229 tenebat,

349 1252 463 1280 nunc
486 1236 628 1292 gravis
652 1236 776 1278 arbor
801 1250 913 1278 eras:
938 1235 1139 1278 haerebat
1161 1235 1204 1277 in
1230 1235 1378 1277 arbore
1399 1234 1567 1278 Peleus-

351 1293 472 1336 tertia
496 1293 632 1334 forma
655 1291 736 1333 fuit
759 1292 998 1334 maculosae
1022 1291 1204 1347 tigridis:
1229 1291 1302 1333 illa

351 1349 519 1392 territus
544 1348 754 1391 Aeacides
779 1363 805 1389 a
828 1362 1001 1403 corpore
1025 1347 1222 1390 bracchia
1245 1347 1382 1390 solvit.

350 1407 470 1461 isque
495 1405 594 1447 deos
620 1403 760 1460 pelagi
783 1404 881 1446 vino
905 1419 1031 1460 super
1054 1418 1238 1458 aequora
1259 1403 1356 1446 fuso

351 1470 394 1505 et
416 1461 580 1518 pecoris
604 1460 720 1502 fibris
745 1468 786 1502 et
809 1460 926 1502 fumo
950 1460 1054 1502 turis
1078 1461 1243 1502 adorat:

352 1519 485 1560 donec
510 1516 764 1572 Carpathius
787 1516 926 1559 medio
950 1516 1003 1559 de
1026 1517 1194 1573 gurgite
1217 1523 1335 1559 vates

355 1573 590 1624 ‘Aeacide,'
617 1573 722 1614 dixit
746 1572 958 1615 ‘thalamis
981 1573 1141 1629 potiere
1163 1572 1318 1629 petitis.

352 1639 398 1673 tu
421 1629 565 1680 modo,
591 1644 687 1672 cum
710 1629 851 1685 gelido
877 1629 1013 1685 sopita
1036 1629 1224 1684 quiescet
1245 1629 1288 1670 in
1313 1634 1446 1678 antro,

353 1688 544 1743 ignaram
567 1685 728 1740 laqueis
751 1685 975 1740 vincloque
998 1686 1163 1729 innecte
1185 1685 1336 1728 tenaci.

353 1757 432 1785 nec
455 1750 496 1785 te
521 1742 703 1798 decipiat
726 1750 894 1784 centum
917 1742 1092 1784 mentita
1114 1742 1285 1797 figuras,

354 1799 429 1842 sed
451 1813 613 1854 preme,
637 1797 838 1852 quicquid
862 1798 952 1848 erit,
977 1799 1092 1848 dum,
1116 1798 1230 1853 quod
1253 1797 1335 1840 fuit
1357 1803 1468 1847 ante,
1491 1796 1716 1841 reformet!

354 1855 518 1898 dixerat
540 1854 645 1897 haec
667 1854 848 1896 Proteus
873 1862 914 1896 et
937 1854 1122 1896 condidit
1145 1868 1326 1909 aequore
1349 1853 1516 1896 vultum

355 1909 606 1966 admisitque
631 1924 728 1952 suos
752 1910 796 1952 in
820 1910 949 1953 verba
972 1910 1199 1952 novissima
1221 1910 1387 1952 fluctus.
1407 1939 1409 1941 -

354 1982 512 2023 pronus
536 1973 625 2009 erat
648 1966 775 2008 Titan
800 1966 1083 2022 inclinatoque
1106 1967 1277 2009 tenebat

354 2023 610 2079 Hesperium
635 2030 800 2065 temone
823 2022 997 2072 fretum,
1022 2037 1119 2065 cum
1142 2023 1289 2078 pulcra
1310 2021 1454 2066 relicto

354 2080 398 2122 N
399 2085 503 2122 ere'is
528 2079 761 2134 ingreditur
785 2086 985 2122 consueta
1009 2079 1164 2121 cubilia
1186 2087 1329 2135 ponto.

356 2136 428 2177 vix
452 2136 559 2178 bene
583 2135 794 2190 virgineos
817 2135 974 2178 Peleus
997 2135 1209 2178 invaserat
1231 2142 1365 2177 artus:

355 2192 427 2234 illa
450 2199 577 2233 novat
601 2191 776 2240 formas,
803 2191 936 2234 donec
961 2206 1037 2233 sua
1060 2191 1250 2234 membra
1273 2190 1406 2234 teneri

357 2248 499 2297 sentit,
525 2255 565 2290 et
589 2247 632 2289 in
655 2255 795 2303 partes
820 2248 1006 2290 diversas
1030 2247 1226 2290 bracchia
1249 2247 1376 2290 tendi.

355 2311 445 2346 tum
470 2304 639 2346 demum
663 2304 880 2359 ingemuit.
939 2304 1113 2359 ‘neque’
1139 2305 1198 2346 ait
1221 2304 1330 2347 ‘sine
1353 2303 1526 2346 numine
1550 2303 1718 2355 vincis',

356 2360 543 2402 exhibita
566 2368 711 2414 estque
735 2360 896 2402 Thetis.
956 2361 1191 2403 confessam
1215 2375 1282 2402 am
1314 2360 1480 2403 lectitur
1502 2360 1627 2403 heros

358 2424 399 2459 e't
422 2416 579 2471 potitur
602 2417 709 2459 votis
732 2416 976 2472 ingentique
1000 2417 1145 2473 implet
1168 2416 1280 2458 Achi
1297 2418 1350 2459 le.

412 2472 536 2515 Felix
559 2479 601 2515 et
624 2480 741 2522 nato,
766 2473 868 2515 felix
891 2481 932 2515 et
956 2473 1134 2528 coniuge
1158 2473 1327 2523 Peleus,
1438 2483 1529 2528 Ceyx
1541 2483 1717 2518 etPelem.

358 2536 399 2571 et
424 2529 509 2578 cui,
535 2529 570 2571 si
594 2529 737 2571 demas
760 2529 939 2585 iugulati
963 2530 1136 2571 crimina
1158 2529 1307 2579 Phoci,

358 2585 499 2627 omnia
522 2586 794 2641 contigerant.
853 2585 1037 2628 fraterno
1062 2585 1266 2641 sanguine
1289 2592 1451 2629 sontem

358 2642 665 2696 expulsumque
690 2642 814 2683 domo
838 2642 974 2697 patria
997 2641 1224 2684 Trachinia
1247 2642 1369 2684 tellus

359 2696 523 2752 accipit.
580 2697 649 2739 hic
672 2713 850 2753 regnum
875 2697 963 2740 sine
987 2697 1047 2747 vi,
1073 2698 1162 2741 sine
1186 2698 1313 2741 caede
1335 2697 1511 2753 regebat

358 2752 559 2796 Lucifero
582 2754 771 2809 genitore
797 2760 911 2796 satus
935 2753 1199 2811 patriumque
1223 2754 1401 2797 nitorem
