<?xml version="1.0" encoding="UTF-8"?>
<!DOCTYPE html PUBLIC "-//W3C//DTD XHTML 1.0 Transitional//EN"
    "http://www.w3.org/TR/xhtml1/DTD/xhtml1-transitional.dtd">
<html xmlns="http://www.w3.org/1999/xhtml" xml:lang="en" lang="en">
 <head>
  <title>
</title>
<meta http-equiv="Content-Type" content="text/html;charset=utf-8" />
  <meta name='ocr-system' content='tesseract 3.04.00' />
  <meta name='ocr-capabilities' content='ocr_page ocr_carea ocr_par ocr_line ocrx_word'/>
</head>
<body>
  <div class='ocr_page' id='page_1' title='image "./carminao02oviduoft_0216.png"; bbox 0 0 1786 3242; ppageno 0'>
   <div class='ocr_carea' id='block_1_1' title="bbox 276 553 341 584">
    <p class='ocr_par' dir='ltr' id='par_1_1' title="bbox 276 553 341 584">
     <span class='ocr_line' id='line_1_1' title="bbox 276 553 341 584; baseline 0 0"><span class='ocrx_word' id='word_1_1' title='bbox 276 553 341 584; x_wconf 84' lang='lat'><strong>710</strong></span> 
     </span>
    </p>
   </div>
   <div class='ocr_carea' id='block_1_2' title="bbox 275 834 339 865">
    <p class='ocr_par' dir='ltr' id='par_1_2' title="bbox 275 834 339 865">
     <span class='ocr_line' id='line_1_2' title="bbox 275 834 339 865; baseline 0.016 -1"><span class='ocrx_word' id='word_1_2' title='bbox 275 834 339 865; x_wconf 87' lang='grc'><strong>715</strong></span> 
     </span>
    </p>
   </div>
   <div class='ocr_carea' id='block_1_3' title="bbox 274 1114 340 1146">
    <p class='ocr_par' dir='ltr' id='par_1_3' title="bbox 274 1114 340 1146">
     <span class='ocr_line' id='line_1_3' title="bbox 274 1114 340 1146; baseline 0 0"><span class='ocrx_word' id='word_1_3' title='bbox 274 1114 340 1146; x_wconf 91' lang='grc'><strong>720</strong></span> 
     </span>
    </p>
   </div>
   <div class='ocr_carea' id='block_1_4' title="bbox 275 1397 339 1428">
    <p class='ocr_par' dir='ltr' id='par_1_4' title="bbox 275 1397 339 1428">
     <span class='ocr_line' id='line_1_4' title="bbox 275 1397 339 1428; baseline 0 0"><span class='ocrx_word' id='word_1_4' title='bbox 275 1397 339 1428; x_wconf 87' lang='grc'><strong>725</strong></span> 
     </span>
    </p>
   </div>
   <div class='ocr_carea' id='block_1_5' title="bbox 275 1679 339 1710">
    <p class='ocr_par' dir='ltr' id='par_1_5' title="bbox 275 1679 339 1710">
     <span class='ocr_line' id='line_1_5' title="bbox 275 1679 339 1710; baseline 0 0"><span class='ocrx_word' id='word_1_5' title='bbox 275 1679 339 1710; x_wconf 87' lang='grc'><strong>730</strong></span> 
     </span>
    </p>
   </div>
   <div class='ocr_carea' id='block_1_6' title="bbox 275 1959 339 1990">
    <p class='ocr_par' dir='ltr' id='par_1_6' title="bbox 275 1959 339 1990">
     <span class='ocr_line' id='line_1_6' title="bbox 275 1959 339 1990; baseline 0 0"><span class='ocrx_word' id='word_1_6' title='bbox 275 1959 339 1990; x_wconf 81' lang='grc'><strong>735</strong></span> 
     </span>
    </p>
   </div>
   <div class='ocr_carea' id='block_1_7' title="bbox 318 2691 338 2721">
    <p class='ocr_par' dir='ltr' id='par_1_7' title="bbox 318 2691 338 2721">
     <span class='ocr_line' id='line_1_7' title="bbox 318 2691 338 2721; baseline 0 0"><span class='ocrx_word' id='word_1_7' title='bbox 318 2691 338 2721; x_wconf 84' lang='grc'><strong>5</strong></span> 
     </span>
    </p>
   </div>
   <div class='ocr_carea' id='block_1_8' title="bbox 367 282 1287 327">
    <p class='ocr_par' dir='ltr' id='par_1_8' title="bbox 367 282 1287 327">
     <span class='ocr_line' id='line_1_8' title="bbox 367 282 1287 327; baseline 0 -1"><span class='ocrx_word' id='word_1_8' title='bbox 367 282 450 326; x_wconf 89' lang='grc'><strong>180</strong></span> <span class='ocrx_word' id='word_1_9' title='bbox 811 290 855 325; x_wconf 90' lang='grc' dir='ltr'><strong>Ρ.</strong></span> <span class='ocrx_word' id='word_1_10' title='bbox 883 289 1048 327; x_wconf 90' lang='lat' dir='ltr'>OVIDII</span> <span class='ocrx_word' id='word_1_11' title='bbox 1071 288 1287 327; x_wconf 84' lang='lat' dir='ltr'>NASONIS</span> 
     </span>
    </p>
   </div>
   <div class='ocr_carea' id='block_1_9' title="bbox 362 369 1739 2229">
    <p class='ocr_par' dir='ltr' id='par_1_9' title="bbox 365 369 1716 483">
     <span class='ocr_line' id='line_1_9' title="bbox 365 369 1392 428; baseline -0.003 -13"><span class='ocrx_word' id='word_1_12' title='bbox 365 372 527 428; x_wconf 82' lang='lat' dir='ltr'><strong>effuge,</strong></span> <span class='ocrx_word' id='word_1_13' title='bbox 551 387 604 414; x_wconf 88' lang='lat' dir='ltr'><strong>ne</strong></span> <span class='ocrx_word' id='word_1_14' title='bbox 629 371 760 413; x_wconf 87' lang='lat' dir='ltr'><strong>virtus</strong></span> <span class='ocrx_word' id='word_1_15' title='bbox 785 377 859 412; x_wconf 85' lang='lat' dir='ltr'><strong>tua</strong></span> <span class='ocrx_word' id='word_1_16' title='bbox 883 370 936 412; x_wconf 89' lang='lat' dir='ltr'><strong>sit</strong></span> <span class='ocrx_word' id='word_1_17' title='bbox 960 370 1162 412; x_wconf 88' lang='lat' dir='ltr'><strong>damnosa</strong></span> <span class='ocrx_word' id='word_1_18' title='bbox 1187 369 1392 413; x_wconf 55' lang='lat' dir='ltr'><strong>duobusl’</strong></span> 
     </span>
     <span class='ocr_line' id='line_1_10' title="bbox 420 425 1727 492; baseline 0.001 -23"><span class='ocrx_word' id='word_1_19' title='bbox 420 429 501 470; x_wconf 90' lang='lat' dir='ltr'><strong>Illa</strong></span> <span class='ocrx_word' id='word_1_20' title='bbox 524 427 694 482; x_wconf 90' lang='lat' dir='ltr'><strong>quidem</strong></span> <span class='ocrx_word' id='word_1_21' title='bbox 718 426 881 468; x_wconf 91' lang='lat' dir='ltr'><strong>monuit</strong></span> <span class='ocrx_word' id='word_1_22' title='bbox 902 426 1140 481; x_wconf 88' lang='lat' dir='ltr'><strong>iunctisque</strong></span> <span class='ocrx_word' id='word_1_23' title='bbox 1162 441 1247 492; x_wconf 49' lang='lat' dir='ltr'><strong>per·</strong></span> <span class='ocrx_word' id='word_1_24' title='bbox 1261 430 1360 469; x_wconf 69' lang='lat' dir='ltr'><strong>aera</strong></span> <span class='ocrx_word' id='word_1_25' title='bbox 1383 426 1526 483; x_wconf 79' lang='lat' dir='ltr'><strong>cycnis</strong></span> <span class='ocrx_word' id='word_1_26' title='bbox 1582 425 1727 462; x_wconf 62' lang='grc' dir='ltr'><strong>Αᾶθηῑδ-</strong></span> 
     </span>
    </p>

    <p class='ocr_par' dir='ltr' id='par_1_10' title="bbox 365 482 1739 539">
     <span class='ocr_line' id='line_1_11' title="bbox 365 482 1739 539; baseline -0.001 -13"><span class='ocrx_word' id='word_1_27' title='bbox 365 484 498 539; x_wconf 87' lang='lat' dir='ltr'>carpit</span> <span class='ocrx_word' id='word_1_28' title='bbox 520 483 612 526; x_wconf 88' lang='lat' dir='ltr'><strong>iter.</strong></span> <span class='ocrx_word' id='word_1_29' title='bbox 672 483 747 525; x_wconf 89' lang='lat' dir='ltr'><strong>sed</strong></span> <span class='ocrx_word' id='word_1_30' title='bbox 771 489 854 525; x_wconf 88' lang='lat' dir='ltr'><strong>stat</strong></span> <span class='ocrx_word' id='word_1_31' title='bbox 876 483 1044 524; x_wconf 90' lang='lat' dir='ltr'><strong>monitis</strong></span> <span class='ocrx_word' id='word_1_32' title='bbox 1070 482 1277 525; x_wconf 85' lang='lat' dir='ltr'><strong>contraria</strong></span> <span class='ocrx_word' id='word_1_33' title='bbox 1300 483 1448 526; x_wconf 89' lang='lat' dir='ltr'><strong>virtus.</strong></span> <span class='ocrx_word' id='word_1_34' title='bbox 1735 490 1739 491; x_wconf 72' lang='grc'>’</span> 
     </span>
    </p>

    <p class='ocr_par' dir='ltr' id='par_1_11' title="bbox 364 538 1309 595">
     <span class='ocr_line' id='line_1_12' title="bbox 364 538 1309 595; baseline -0.001 -13"><span class='ocrx_word' id='word_1_35' title='bbox 364 540 472 582; x_wconf 90' lang='lat' dir='ltr'><strong>forte</strong></span> <span class='ocrx_word' id='word_1_36' title='bbox 497 554 616 581; x_wconf 87' lang='lat' dir='ltr'><strong>suem</strong></span> <span class='ocrx_word' id='word_1_37' title='bbox 639 539 811 581; x_wconf 88' lang='lat' dir='ltr'><strong>latebris</strong></span> <span class='ocrx_word' id='word_1_38' title='bbox 835 538 1015 595; x_wconf 89' lang='lat' dir='ltr'><strong>vestigia</strong></span> <span class='ocrx_word' id='word_1_39' title='bbox 1038 545 1152 581; x_wconf 89' lang='lat' dir='ltr'><strong>certa</strong></span> <span class='ocrx_word' id='word_1_40' title='bbox 1175 539 1309 581; x_wconf 88' lang='lat' dir='ltr'><strong>secuti</strong></span> 
     </span>
    </p>

    <p class='ocr_par' dir='ltr' id='par_1_12' title="bbox 365 595 1333 651">
     <span class='ocr_line' id='line_1_13' title="bbox 365 595 1333 651; baseline -0.001 -13"><span class='ocrx_word' id='word_1_41' title='bbox 365 595 556 638; x_wconf 87' lang='lat' dir='ltr'><strong>excivere</strong></span> <span class='ocrx_word' id='word_1_42' title='bbox 581 610 725 645; x_wconf 89' lang='lat' dir='ltr'><strong>canes,</strong></span> <span class='ocrx_word' id='word_1_43' title='bbox 751 595 950 650; x_wconf 85' lang='lat' dir='ltr'><strong>silvisque</strong></span> <span class='ocrx_word' id='word_1_44' title='bbox 975 595 1088 637; x_wconf 86' lang='lat' dir='ltr'><strong>exire</strong></span> <span class='ocrx_word' id='word_1_45' title='bbox 1112 603 1333 651; x_wconf 87' lang='lat' dir='ltr'><strong>parantem</strong></span> 
     </span>
    </p>

    <p class='ocr_par' dir='ltr' id='par_1_13' title="bbox 363 649 1266 707">
     <span class='ocr_line' id='line_1_14' title="bbox 363 649 1266 707; baseline 0 -13"><span class='ocrx_word' id='word_1_46' title='bbox 363 652 513 695; x_wconf 85' lang='lat' dir='ltr'><strong>fixerat</strong></span> <span class='ocrx_word' id='word_1_47' title='bbox 536 652 742 707; x_wconf 87' lang='lat' dir='ltr'><strong>obliquo&#39;</strong></span> <span class='ocrx_word' id='word_1_48' title='bbox 730 651 893 694; x_wconf 82' lang='lat' dir='ltr'><strong>iuvenis</strong></span> <span class='ocrx_word' id='word_1_49' title='bbox 919 649 1143 707; x_wconf 73' lang='lat' dir='ltr'><strong>Cinyreius</strong></span> <span class='ocrx_word' id='word_1_50' title='bbox 1167 652 1266 694; x_wconf 88' lang='lat' dir='ltr'><strong>ictu.</strong></span> 
     </span>
    </p>

    <p class='ocr_par' dir='ltr' id='par_1_14' title="bbox 365 707 1319 775">
     <span class='ocr_line' id='line_1_15' title="bbox 365 707 1319 775; baseline 0 -25"><span class='ocrx_word' id='word_1_51' title='bbox 365 708 557 775; x_wconf 86' lang='lat' dir='ltr'><strong>protinus</strong></span> <span class='ocrx_word' id='word_1_52' title='bbox 581 708 766 751; x_wconf 82' lang='lat' dir='ltr'><strong>excussit</strong></span> <span class='ocrx_word' id='word_1_53' title='bbox 788 708 928 764; x_wconf 85' lang='lat' dir='ltr'><strong>pando</strong></span> <span class='ocrx_word' id='word_1_54' title='bbox 953 707 1163 751; x_wconf 88' lang='lat' dir='ltr'><strong>venabula</strong></span> <span class='ocrx_word' id='word_1_55' title='bbox 1185 715 1319 750; x_wconf 89' lang='lat' dir='ltr'><strong>rostro</strong></span> 
     </span>
    </p>

    <p class='ocr_par' dir='ltr' id='par_1_15' title="bbox 367 764 1573 821">
     <span class='ocr_line' id='line_1_16' title="bbox 367 764 1573 821; baseline 0.001 -14"><span class='ocrx_word' id='word_1_56' title='bbox 367 764 572 821; x_wconf 86' lang='lat' dir='ltr'><strong>sanguine</strong></span> <span class='ocrx_word' id='word_1_57' title='bbox 595 765 725 807; x_wconf 89' lang='lat' dir='ltr'><strong>tincta</strong></span> <span class='ocrx_word' id='word_1_58' title='bbox 749 778 839 815; x_wconf 89' lang='lat' dir='ltr'><strong>suo,</strong></span> <span class='ocrx_word' id='word_1_59' title='bbox 865 764 1158 820; x_wconf 87' lang='lat' dir='ltr'><strong>trepidumque</strong></span> <span class='ocrx_word' id='word_1_60' title='bbox 1183 771 1225 807; x_wconf 91' lang='lat' dir='ltr'><strong>et</strong></span> <span class='ocrx_word' id='word_1_61' title='bbox 1247 770 1337 806; x_wconf 87' lang='lat' dir='ltr'><strong>tuta</strong></span> <span class='ocrx_word' id='word_1_62' title='bbox 1359 770 1573 821; x_wconf 86' lang='lat' dir='ltr'><strong>petentem</strong></span> 
     </span>
    </p>

    <p class='ocr_par' dir='ltr' id='par_1_16' title="bbox 363 820 1544 877">
     <span class='ocr_line' id='line_1_17' title="bbox 363 820 1544 877; baseline 0.002 -14"><span class='ocrx_word' id='word_1_63' title='bbox 363 828 461 863; x_wconf 90' lang='lat' dir='ltr'><strong>trux</strong></span> <span class='ocrx_word' id='word_1_64' title='bbox 485 835 586 877; x_wconf 87' lang='lat' dir='ltr'><strong>aper</strong></span> <span class='ocrx_word' id='word_1_65' title='bbox 608 821 855 875; x_wconf 76' lang='lat' dir='ltr'><strong>insequitur,</strong></span> <span class='ocrx_word' id='word_1_66' title='bbox 880 827 1073 876; x_wconf 87' lang='lat' dir='ltr'><strong>totosque</strong></span> <span class='ocrx_word' id='word_1_67' title='bbox 1098 820 1243 863; x_wconf 87' lang='lat' dir='ltr'><strong>subin</strong></span> <span class='ocrx_word' id='word_1_68' title='bbox 1277 820 1374 863; x_wconf 90' lang='lat' dir='ltr'><strong>uine</strong></span> <span class='ocrx_word' id='word_1_69' title='bbox 1398 821 1544 865; x_wconf 82' lang='lat' dir='ltr'><strong>dentes</strong></span> 
     </span>
    </p>

    <p class='ocr_par' dir='ltr' id='par_1_17' title="bbox 365 877 1420 920">
     <span class='ocr_line' id='line_1_18' title="bbox 365 877 1420 920; baseline 0.001 -1"><span class='ocrx_word' id='word_1_70' title='bbox 365 877 526 920; x_wconf 88' lang='lat' dir='ltr'><strong>abdidit</strong></span> <span class='ocrx_word' id='word_1_71' title='bbox 550 884 592 920; x_wconf 94' lang='lat' dir='ltr'><strong>et</strong></span> <span class='ocrx_word' id='word_1_72' title='bbox 615 877 734 919; x_wconf 86' lang='lat' dir='ltr'><strong>fulva</strong></span> <span class='ocrx_word' id='word_1_73' title='bbox 756 877 1056 919; x_wconf 84' lang='lat' dir='ltr'><strong>moribundum</strong></span> <span class='ocrx_word' id='word_1_74' title='bbox 1081 877 1228 919; x_wconf 86' lang='lat' dir='ltr'><strong>stravit</strong></span> <span class='ocrx_word' id='word_1_75' title='bbox 1281 892 1420 920; x_wconf 86' lang='lat' dir='ltr'><strong>arena.</strong></span> 
     </span>
    </p>

    <p class='ocr_par' dir='ltr' id='par_1_18' title="bbox 363 932 1410 990">
     <span class='ocr_line' id='line_1_19' title="bbox 363 932 1410 990; baseline -0.001 -14"><span class='ocrx_word' id='word_1_76' title='bbox 363 941 486 976; x_wconf 90' lang='lat' dir='ltr'><strong>vecta</strong></span> <span class='ocrx_word' id='word_1_77' title='bbox 507 934 591 976; x_wconf 87' lang='lat' dir='ltr'><strong>levi</strong></span> <span class='ocrx_word' id='word_1_78' title='bbox 615 948 741 976; x_wconf 86' lang='lat' dir='ltr'><strong>curru</strong></span> <span class='ocrx_word' id='word_1_79' title='bbox 764 933 924 976; x_wconf 86' lang='lat' dir='ltr'><strong>medias</strong></span> <span class='ocrx_word' id='word_1_80' title='bbox 950 932 1164 989; x_wconf 84' lang='lat' dir='ltr'>Cytherea</span> <span class='ocrx_word' id='word_1_81' title='bbox 1186 948 1263 990; x_wconf 89' lang='lat' dir='ltr'><strong>per</strong></span> <span class='ocrx_word' id='word_1_82' title='bbox 1286 948 1410 976; x_wconf 83' lang='lat' dir='ltr'><strong>auras</strong></span> 
     </span>
    </p>

    <p class='ocr_par' dir='ltr' id='par_1_19' title="bbox 364 988 1352 1056">
     <span class='ocr_line' id='line_1_20' title="bbox 364 988 1352 1056; baseline 0 -24"><span class='ocrx_word' id='word_1_83' title='bbox 364 988 557 1056; x_wconf 89' lang='lat' dir='ltr'><strong>Chytron</strong></span> <span class='ocrx_word' id='word_1_84' title='bbox 581 990 750 1032; x_wconf 89' lang='lat' dir='ltr'><strong>olorinis</strong></span> <span class='ocrx_word' id='word_1_85' title='bbox 773 990 962 1032; x_wconf 88' lang='lat' dir='ltr'><strong>nondum</strong></span> <span class='ocrx_word' id='word_1_86' title='bbox 986 997 1234 1046; x_wconf 89' lang='lat' dir='ltr'><strong>pervenerat</strong></span> <span class='ocrx_word' id='word_1_87' title='bbox 1257 990 1352 1032; x_wconf 89' lang='lat' dir='ltr'><strong>alis:</strong></span> 
     </span>
    </p>

    <p class='ocr_par' dir='ltr' id='par_1_20' title="bbox 365 1046 1380 1102">
     <span class='ocr_line' id='line_1_21' title="bbox 365 1046 1380 1102; baseline 0 -14"><span class='ocrx_word' id='word_1_88' title='bbox 365 1046 538 1102; x_wconf 90' lang='lat' dir='ltr'><strong>agnovit</strong></span> <span class='ocrx_word' id='word_1_89' title='bbox 559 1047 686 1102; x_wconf 91' lang='lat' dir='ltr'><strong>longe</strong></span> <span class='ocrx_word' id='word_1_90' title='bbox 709 1047 914 1102; x_wconf 86' lang='lat' dir='ltr'><strong>gemitum</strong></span> <span class='ocrx_word' id='word_1_91' title='bbox 938 1047 1172 1097; x_wconf 85' lang='lat' dir='ltr'><strong>morientis,</strong></span> <span class='ocrx_word' id='word_1_92' title='bbox 1198 1054 1240 1089; x_wconf 92' lang='lat' dir='ltr'><strong>et</strong></span> <span class='ocrx_word' id='word_1_93' title='bbox 1263 1046 1380 1089; x_wconf 87' lang='lat' dir='ltr'><strong>albas</strong></span> 
     </span>
    </p>

    <p class='ocr_par' dir='ltr' id='par_1_21' title="bbox 364 1103 1438 1157">
     <span class='ocr_line' id='line_1_22' title="bbox 364 1103 1438 1157; baseline 0 -12"><span class='ocrx_word' id='word_1_94' title='bbox 364 1103 482 1145; x_wconf 85' lang='lat' dir='ltr'><strong>flexit</strong></span> <span class='ocrx_word' id='word_1_95' title='bbox 506 1118 606 1146; x_wconf 88' lang='lat' dir='ltr'><strong>aves</strong></span> <span class='ocrx_word' id='word_1_96' title='bbox 629 1103 742 1145; x_wconf 87' lang='lat' dir='ltr'><strong>illuc.</strong></span> <span class='ocrx_word' id='word_1_97' title='bbox 800 1110 931 1157; x_wconf 89' lang='lat' dir='ltr'><strong>utque</strong></span> <span class='ocrx_word' id='word_1_98' title='bbox 956 1103 1123 1145; x_wconf 86' lang='lat' dir='ltr'><strong>aethere</strong></span> <span class='ocrx_word' id='word_1_99' title='bbox 1146 1103 1253 1145; x_wconf 80' lang='lat' dir='ltr'><strong>vidit</strong></span> <span class='ocrx_word' id='word_1_100' title='bbox 1275 1103 1330 1145; x_wconf 91' lang='lat' dir='ltr'><strong>ab</strong></span> <span class='ocrx_word' id='word_1_101' title='bbox 1354 1103 1438 1145; x_wconf 88' lang='lat' dir='ltr'><strong>alto</strong></span> 
     </span>
    </p>

    <p class='ocr_par' dir='ltr' id='par_1_22' title="bbox 365 1159 1521 1225">
     <span class='ocr_line' id='line_1_23' title="bbox 365 1159 1521 1225; baseline 0.001 -24"><span class='ocrx_word' id='word_1_102' title='bbox 365 1159 602 1202; x_wconf 88' lang='lat' dir='ltr'><strong>exanimem</strong></span> <span class='ocrx_word' id='word_1_103' title='bbox 626 1159 753 1225; x_wconf 35' lang='lat' dir='ltr'><strong>ionque</strong></span> <span class='ocrx_word' id='word_1_104' title='bbox 778 1173 854 1201; x_wconf 91' lang='lat' dir='ltr'><strong>suo</strong></span> <span class='ocrx_word' id='word_1_105' title='bbox 878 1160 1103 1201; x_wconf 87' lang='lat' dir='ltr'><strong>iactantem</strong></span> <span class='ocrx_word' id='word_1_106' title='bbox 1127 1159 1341 1225; x_wconf 87' lang='lat' dir='ltr'><strong>sanguine</strong></span> <span class='ocrx_word' id='word_1_107' title='bbox 1355 1173 1521 1215; x_wconf 87' lang='lat' dir='ltr'><strong>corpus,</strong></span> 
     </span>
    </p>

    <p class='ocr_par' dir='ltr' id='par_1_23' title="bbox 365 1215 1422 1281">
     <span class='ocr_line' id='line_1_24' title="bbox 365 1215 1422 1281; baseline 0.001 -24"><span class='ocrx_word' id='word_1_108' title='bbox 365 1215 534 1258; x_wconf 88' lang='lat' dir='ltr'><strong>desiluit</strong></span> <span class='ocrx_word' id='word_1_109' title='bbox 558 1215 797 1281; x_wconf 81' lang='lat' dir='ltr'><strong>pariterque</strong></span> <span class='ocrx_word' id='word_1_110' title='bbox 822 1215 960 1257; x_wconf 87' lang='lat' dir='ltr'><strong>sinum</strong></span> <span class='ocrx_word' id='word_1_111' title='bbox 984 1216 1225 1271; x_wconf 84' lang='lat' dir='ltr'><strong>pariterque</strong></span> <span class='ocrx_word' id='word_1_112' title='bbox 1250 1215 1422 1272; x_wconf 80' lang='lat' dir='ltr'><strong>capillos</strong></span> 
     </span>
    </p>

    <p class='ocr_par' dir='ltr' id='par_1_24' title="bbox 363 1271 1381 1338">
     <span class='ocr_line' id='line_1_25' title="bbox 363 1271 1381 1338; baseline 0 -25"><span class='ocrx_word' id='word_1_113' title='bbox 363 1272 496 1328; x_wconf 90' lang='lat' dir='ltr'><strong>rupit,</strong></span> <span class='ocrx_word' id='word_1_114' title='bbox 521 1279 563 1314; x_wconf 91' lang='lat' dir='ltr'><strong>et</strong></span> <span class='ocrx_word' id='word_1_115' title='bbox 586 1271 769 1327; x_wconf 87' lang='lat' dir='ltr'><strong>indignis</strong></span> <span class='ocrx_word' id='word_1_116' title='bbox 793 1272 1000 1328; x_wconf 80' lang='lat' dir='ltr'><strong>percussit</strong></span> <span class='ocrx_word' id='word_1_117' title='bbox 1023 1278 1194 1327; x_wconf 83' lang='lat' dir='ltr'><strong>pectora</strong></span> <span class='ocrx_word' id='word_1_118' title='bbox 1217 1272 1381 1338; x_wconf 89' lang='lat' dir='ltr'><strong>palmis.</strong></span> 
     </span>
    </p>

    <p class='ocr_par' dir='ltr' id='par_1_25' title="bbox 364 1327 1531 1382">
     <span class='ocr_line' id='line_1_26' title="bbox 364 1327 1531 1382; baseline 0.001 -13"><span class='ocrx_word' id='word_1_119' title='bbox 364 1336 596 1382; x_wconf 89' lang='lat' dir='ltr'><strong>questaque</strong></span> <span class='ocrx_word' id='word_1_120' title='bbox 621 1342 717 1369; x_wconf 90' lang='lat' dir='ltr'><strong>cum</strong></span> <span class='ocrx_word' id='word_1_121' title='bbox 741 1328 839 1370; x_wconf 87' lang='lat' dir='ltr'><strong>fatis</strong></span> <span class='ocrx_word' id='word_1_122' title='bbox 865 1332 942 1370; x_wconf 91' lang='lat' dir='ltr'><strong>“at</strong></span> <span class='ocrx_word' id='word_1_123' title='bbox 964 1342 1049 1370; x_wconf 91' lang='lat' dir='ltr'><strong>non</strong></span> <span class='ocrx_word' id='word_1_124' title='bbox 1073 1335 1213 1371; x_wconf 90' lang='lat' dir='ltr'><strong>tamen</strong></span> <span class='ocrx_word' id='word_1_125' title='bbox 1237 1328 1379 1371; x_wconf 90' lang='lat' dir='ltr'><strong>omnia</strong></span> <span class='ocrx_word' id='word_1_126' title='bbox 1402 1327 1531 1370; x_wconf 85' lang='lat' dir='ltr'><strong>vestri</strong></span> 
     </span>
    </p>

    <p class='ocr_par' dir='ltr' id='par_1_26' title="bbox 363 1384 1524 1450">
     <span class='ocr_line' id='line_1_27' title="bbox 363 1384 1524 1450; baseline 0.001 -24"><span class='ocrx_word' id='word_1_127' title='bbox 363 1384 466 1426; x_wconf 89' lang='lat' dir='ltr'><strong>iuris</strong></span> <span class='ocrx_word' id='word_1_128' title='bbox 490 1384 643 1426; x_wconf 90' lang='lat' dir='ltr'><strong>erunt”</strong></span> <span class='ocrx_word' id='word_1_129' title='bbox 669 1384 792 1426; x_wconf 87' lang='lat' dir='ltr'><strong>dixit.</strong></span> <span class='ocrx_word' id='word_1_130' title='bbox 817 1384 988 1450; x_wconf 57' lang='lat' dir='ltr'><strong>‘fluetus</strong></span> <span class='ocrx_word' id='word_1_131' title='bbox 1012 1385 1270 1427; x_wconf 90' lang='lat' dir='ltr'><strong>monimenta</strong></span> <span class='ocrx_word' id='word_1_132' title='bbox 1293 1384 1524 1427; x_wconf 90' lang='lat' dir='ltr'><strong>manebunt</strong></span> 
     </span>
    </p>

    <p class='ocr_par' dir='ltr' id='par_1_27' title="bbox 365 1440 1479 1506">
     <span class='ocr_line' id='line_1_28' title="bbox 365 1440 1479 1506; baseline 0 -24"><span class='ocrx_word' id='word_1_133' title='bbox 365 1454 541 1496; x_wconf 85' lang='lat' dir='ltr'><strong>semper,</strong></span> <span class='ocrx_word' id='word_1_134' title='bbox 566 1440 731 1490; x_wconf 88' lang='lat' dir='ltr'><strong>Adoni,</strong></span> <span class='ocrx_word' id='word_1_135' title='bbox 755 1440 858 1491; x_wconf 83' lang='lat' dir='ltr'><strong>mei3</strong></span> <span class='ocrx_word' id='word_1_136' title='bbox 882 1441 1144 1496; x_wconf 91' lang='lat' dir='ltr'><strong>repetitaque</strong></span> <span class='ocrx_word' id='word_1_137' title='bbox 1167 1440 1313 1482; x_wconf 90' lang='lat' dir='ltr'><strong>mortis</strong></span> <span class='ocrx_word' id='word_1_138' title='bbox 1337 1440 1479 1506; x_wconf 89' lang='lat' dir='ltr'><strong>imago</strong></span> 
     </span>
    </p>

    <p class='ocr_par' dir='ltr' id='par_1_28' title="bbox 364 1496 1397 1552">
     <span class='ocr_line' id='line_1_29' title="bbox 364 1496 1397 1552; baseline 0.001 -14"><span class='ocrx_word' id='word_1_139' title='bbox 364 1512 505 1538; x_wconf 89' lang='lat' dir='ltr'><strong>annua</strong></span> <span class='ocrx_word' id='word_1_140' title='bbox 527 1497 741 1552; x_wconf 87' lang='lat' dir='ltr'><strong>plangoris</strong></span> <span class='ocrx_word' id='word_1_141' title='bbox 765 1505 939 1552; x_wconf 86' lang='lat' dir='ltr'><strong>peraget</strong></span> <span class='ocrx_word' id='word_1_142' title='bbox 964 1497 1229 1539; x_wconf 86' lang='lat' dir='ltr'><strong>&#39;simulamina</strong></span> <span class='ocrx_word' id='word_1_143' title='bbox 1251 1496 1397 1539; x_wconf 88' lang='lat' dir='ltr'><strong>nostri.</strong></span> 
     </span>
    </p>

    <p class='ocr_par' dir='ltr' id='par_1_29' title="bbox 363 1552 1508 1608">
     <span class='ocr_line' id='line_1_30' title="bbox 363 1552 1508 1608; baseline 0.002 -14"><span class='ocrx_word' id='word_1_144' title='bbox 363 1561 407 1594; x_wconf 91' lang='lat' dir='ltr'><strong>at</strong></span> <span class='ocrx_word' id='word_1_145' title='bbox 431 1567 554 1595; x_wconf 86' lang='lat' dir='ltr'><strong>cruor</strong></span> <span class='ocrx_word' id='word_1_146' title='bbox 576 1553 619 1595; x_wconf 91' lang='lat' dir='ltr'><strong>in</strong></span> <span class='ocrx_word' id='word_1_147' title='bbox 642 1553 788 1595; x_wconf 90' lang='lat' dir='ltr'><strong>florem</strong></span> <span class='ocrx_word' id='word_1_148' title='bbox 812 1553 1055 1595; x_wconf 88' lang='lat' dir='ltr'><strong>mutabitur.</strong></span> <span class='ocrx_word' id='word_1_149' title='bbox 1115 1569 1170 1595; x_wconf 89' lang='lat' dir='ltr'><strong>an</strong></span> <span class='ocrx_word' id='word_1_150' title='bbox 1193 1553 1270 1595; x_wconf 90' lang='lat' dir='ltr'><strong>tibi</strong></span> <span class='ocrx_word' id='word_1_151' title='bbox 1292 1552 1508 1608; x_wconf 85' lang='lat' dir='ltr'><strong>quondam</strong></span> 
     </span>
    </p>

    <p class='ocr_par' dir='ltr' id='par_1_30' title="bbox 363 1609 1377 1661">
     <span class='ocr_line' id='line_1_31' title="bbox 363 1609 1377 1661; baseline 0.002 -11"><span class='ocrx_word' id='word_1_152' title='bbox 363 1609 567 1652; x_wconf 89' lang='lat' dir='ltr'><strong>femineos</strong></span> <span class='ocrx_word' id='word_1_153' title='bbox 592 1616 706 1652; x_wconf 83' lang='lat' dir='ltr'><strong>artus</strong></span> <span class='ocrx_word' id='word_1_154' title='bbox 731 1609 775 1651; x_wconf 92' lang='lat' dir='ltr'><strong>in</strong></span> <span class='ocrx_word' id='word_1_155' title='bbox 799 1610 958 1653; x_wconf 85' lang='lat' dir='ltr'><strong>olentes</strong></span> <span class='ocrx_word' id='word_1_156' title='bbox 983 1617 1145 1652; x_wconf 90' lang='lat' dir='ltr'><strong>vertere</strong></span> <span class='ocrx_word' id='word_1_157' title='bbox 1169 1609 1377 1661; x_wconf 87' lang='lat' dir='ltr'><strong>menthas,</strong></span> 
     </span>
    </p>

    <p class='ocr_par' dir='ltr' id='par_1_31' title="bbox 363 1664 1360 1722">
     <span class='ocr_line' id='line_1_32' title="bbox 363 1664 1360 1722; baseline 0.001 -15"><span class='ocrx_word' id='word_1_158' title='bbox 363 1666 655 1722; x_wconf 87' lang='lat' dir='ltr'><strong>Persephone,</strong></span> <span class='ocrx_word' id='word_1_159' title='bbox 679 1666 815 1708; x_wconf 87' lang='lat' dir='ltr'><strong>licuit:</strong></span> <span class='ocrx_word' id='word_1_160' title='bbox 840 1666 961 1708; x_wconf 88' lang='lat' dir='ltr'><strong>nobis</strong></span> <span class='ocrx_word' id='word_1_161' title='bbox 988 1664 1212 1722; x_wconf 68' lang='lat' dir='ltr'><strong>Cinyreius</strong></span> <span class='ocrx_word' id='word_1_162' title='bbox 1236 1666 1360 1709; x_wconf 86' lang='lat' dir='ltr'><strong>heros</strong></span> 
     </span>
    </p>

    <p class='ocr_par' dir='ltr' id='par_1_32' title="bbox 363 1722 1343 1766">
     <span class='ocr_line' id='line_1_33' title="bbox 363 1722 1343 1766; baseline 0 -2"><span class='ocrx_word' id='word_1_163' title='bbox 363 1722 546 1765; x_wconf 87' lang='lat' dir='ltr'><strong>invidiae</strong></span> <span class='ocrx_word' id='word_1_164' title='bbox 570 1729 755 1764; x_wconf 86' lang='lat' dir='ltr'><strong>mutatus</strong></span> <span class='ocrx_word' id='word_1_165' title='bbox 781 1722 915 1765; x_wconf 85' lang='lat' dir='ltr'><strong>erit?&#39;&#39;</strong></span> <span class='ocrx_word' id='word_1_166' title='bbox 955 1722 1015 1765; x_wconf 86' lang='lat' dir='ltr'><strong>sic</strong></span> <span class='ocrx_word' id='word_1_167' title='bbox 1039 1723 1128 1765; x_wconf 85' lang='lat' dir='ltr'><strong>fata</strong></span> <span class='ocrx_word' id='word_1_168' title='bbox 1152 1737 1343 1766; x_wconf 88' lang='lat' dir='ltr'><strong>cruorem</strong></span> 
     </span>
    </p>

    <p class='ocr_par' dir='ltr' id='par_1_33' title="bbox 363 1778 1359 1834">
     <span class='ocr_line' id='line_1_34' title="bbox 363 1778 1359 1834; baseline 0.001 -14"><span class='ocrx_word' id='word_1_169' title='bbox 363 1785 533 1821; x_wconf 90' lang='lat' dir='ltr'><strong>nectare</strong></span> <span class='ocrx_word' id='word_1_170' title='bbox 557 1779 730 1821; x_wconf 90' lang='lat' dir='ltr'><strong>odorato</strong></span> <span class='ocrx_word' id='word_1_171' title='bbox 756 1778 926 1834; x_wconf 87' lang='lat' dir='ltr'><strong>sparsit,</strong></span> <span class='ocrx_word' id='word_1_172' title='bbox 951 1779 1024 1834; x_wconf 78' lang='lat' dir='ltr'><strong>qui</strong></span> <span class='ocrx_word' id='word_1_173' title='bbox 1048 1786 1184 1821; x_wconf 86' lang='lat' dir='ltr'><strong>taetus</strong></span> <span class='ocrx_word' id='word_1_174' title='bbox 1210 1780 1264 1821; x_wconf 90' lang='lat' dir='ltr'><strong>ab</strong></span> <span class='ocrx_word' id='word_1_175' title='bbox 1287 1779 1359 1821; x_wconf 92' lang='lat' dir='ltr'><strong>illo</strong></span> 
     </span>
    </p>

    <p class='ocr_par' dir='ltr' id='par_1_34' title="bbox 363 1835 1284 1891">
     <span class='ocr_line' id='line_1_35' title="bbox 363 1835 1284 1891; baseline 0.001 -15"><span class='ocrx_word' id='word_1_176' title='bbox 363 1835 564 1877; x_wconf 87' lang='lat' dir='ltr'><strong>intumuit</strong></span> <span class='ocrx_word' id='word_1_177' title='bbox 588 1835 666 1885; x_wconf 89' lang='lat' dir='ltr'><strong>sic,</strong></span> <span class='ocrx_word' id='word_1_178' title='bbox 691 1842 737 1876; x_wconf 92' lang='lat' dir='ltr'><strong>ut</strong></span> <span class='ocrx_word' id='word_1_179' title='bbox 761 1835 905 1890; x_wconf 87' lang='lat' dir='ltr'><strong>pluvio</strong></span> <span class='ocrx_word' id='word_1_180' title='bbox 929 1835 1145 1891; x_wconf 88' lang='lat' dir='ltr'><strong>perlucida</strong></span> <span class='ocrx_word' id='word_1_181' title='bbox 1169 1836 1284 1878; x_wconf 90' lang='lat' dir='ltr'><strong>caelo</strong></span> 
     </span>
    </p>

    <p class='ocr_par' dir='ltr' id='par_1_35' title="bbox 364 1891 1418 1957">
     <span class='ocr_line' id='line_1_36' title="bbox 364 1891 1418 1957; baseline 0.002 -25"><span class='ocrx_word' id='word_1_182' title='bbox 364 1905 538 1947; x_wconf 88' lang='lat' dir='ltr'><strong>surgere</strong></span> <span class='ocrx_word' id='word_1_183' title='bbox 561 1891 677 1933; x_wconf 92' lang='lat' dir='ltr'><strong>bulla</strong></span> <span class='ocrx_word' id='word_1_184' title='bbox 701 1891 818 1933; x_wconf 90' lang='lat' dir='ltr'><strong>solet.</strong></span> <span class='ocrx_word' id='word_1_185' title='bbox 877 1906 956 1934; x_wconf 90' lang='lat' dir='ltr'><strong>nec</strong></span> <span class='ocrx_word' id='word_1_186' title='bbox 979 1892 1105 1947; x_wconf 84' lang='lat' dir='ltr'><strong>plena</strong></span> <span class='ocrx_word' id='word_1_187' title='bbox 1127 1892 1293 1957; x_wconf 87' lang='lat' dir='ltr'><strong>longior</strong></span> <span class='ocrx_word' id='word_1_188' title='bbox 1315 1891 1418 1934; x_wconf 87' lang='lat' dir='ltr'><strong>hora</strong></span> 
     </span>
    </p>

    <p class='ocr_par' dir='ltr' id='par_1_36' title="bbox 363 1947 1638 2014">
     <span class='ocr_line' id='line_1_37' title="bbox 363 1947 1638 2014; baseline 0.003 -26"><span class='ocrx_word' id='word_1_189' title='bbox 363 1947 476 1990; x_wconf 88' lang='lat' dir='ltr'><strong>facta</strong></span> <span class='ocrx_word' id='word_1_190' title='bbox 498 1962 617 1989; x_wconf 90' lang='lat' dir='ltr'><strong>mora</strong></span> <span class='ocrx_word' id='word_1_191' title='bbox 639 1954 720 1996; x_wconf 87' lang='lat' dir='ltr'><strong>est,</strong></span> <span class='ocrx_word' id='word_1_192' title='bbox 746 1962 843 1989; x_wconf 91' lang='lat' dir='ltr'><strong>cum</strong></span> <span class='ocrx_word' id='word_1_193' title='bbox 866 1948 942 1989; x_wconf 89' lang='lat' dir='ltr'><strong>flos</strong></span> <span class='ocrx_word' id='word_1_194' title='bbox 968 1949 1020 1990; x_wconf 88' lang='lat' dir='ltr'><strong>de</strong></span> <span class='ocrx_word' id='word_1_195' title='bbox 1046 1948 1251 2014; x_wconf 87' lang='lat' dir='ltr'><strong>sanguine</strong></span> <span class='ocrx_word' id='word_1_196' title='bbox 1276 1949 1472 1991; x_wconf 88' lang='lat' dir='ltr'><strong>concolor</strong></span> <span class='ocrx_word' id='word_1_197' title='bbox 1495 1955 1638 1999; x_wconf 77' lang='lat' dir='ltr'><strong>ortus,</strong></span> 
     </span>
    </p>

    <p class='ocr_par' dir='ltr' id='par_1_37' title="bbox 364 1978 1483 2072">
     <span class='ocr_line' id='line_1_38' title="bbox 364 1978 1483 2072; baseline 0.002 -27"><span class='ocrx_word' id='word_1_198' title='bbox 364 2004 550 2058; x_wconf 91' lang='lat' dir='ltr'><strong>qualem,</strong></span> <span class='ocrx_word' id='word_1_199' title='bbox 576 2018 684 2058; x_wconf 90' lang='lat' dir='ltr'><strong>quae</strong></span> <span class='ocrx_word' id='word_1_200' title='bbox 708 1978 821 2046; x_wconf 88' lang='lat' dir='ltr'><strong>lento</strong></span> <span class='ocrx_word' id='word_1_201' title='bbox 847 2005 984 2046; x_wconf 90' lang='lat' dir='ltr'><strong>celant</strong></span> <span class='ocrx_word' id='word_1_202' title='bbox 1007 2004 1086 2046; x_wconf 87' lang='lat' dir='ltr'><strong>sub</strong></span> <span class='ocrx_word' id='word_1_203' title='bbox 1111 2004 1264 2047; x_wconf 89' lang='lat' dir='ltr'><strong>cortice</strong></span> <span class='ocrx_word' id='word_1_204' title='bbox 1288 2020 1483 2072; x_wconf 87' lang='lat' dir='ltr'><strong>granum,</strong></span> 
     </span>
    </p>

    <p class='ocr_par' dir='ltr' id='par_1_38' title="bbox 362 2059 1588 2103">
     <span class='ocr_line' id='line_1_39' title="bbox 362 2059 1588 2103; baseline 0.002 -2"><span class='ocrx_word' id='word_1_205' title='bbox 362 2059 528 2102; x_wconf 90' lang='lat' dir='ltr'><strong>Punica</strong></span> <span class='ocrx_word' id='word_1_206' title='bbox 550 2060 660 2102; x_wconf 88' lang='lat' dir='ltr'><strong>ferre</strong></span> <span class='ocrx_word' id='word_1_207' title='bbox 685 2061 831 2103; x_wconf 89' lang='lat' dir='ltr'><strong>solent.</strong></span> <span class='ocrx_word' id='word_1_208' title='bbox 890 2060 1030 2102; x_wconf 89' lang='lat' dir='ltr'><strong>brevis</strong></span> <span class='ocrx_word' id='word_1_209' title='bbox 1055 2068 1118 2103; x_wconf 91' lang='lat' dir='ltr'><strong>est</strong></span> <span class='ocrx_word' id='word_1_210' title='bbox 1141 2068 1281 2103; x_wconf 87' lang='lat' dir='ltr'><strong>tamen</strong></span> <span class='ocrx_word' id='word_1_211' title='bbox 1305 2076 1407 2103; x_wconf 84' lang='lat' dir='ltr'><strong>usus</strong></span> <span class='ocrx_word' id='word_1_212' title='bbox 1429 2061 1475 2103; x_wconf 88' lang='lat' dir='ltr'><strong>in</strong></span> <span class='ocrx_word' id='word_1_213' title='bbox 1497 2061 1588 2103; x_wconf 85' lang='lat' dir='ltr'><strong>illo.</strong></span> 
     </span>
    </p>

    <p class='ocr_par' dir='ltr' id='par_1_39' title="bbox 362 2116 1588 2170">
     <span class='ocr_line' id='line_1_40' title="bbox 362 2116 1588 2170; baseline 0.002 -12"><span class='ocrx_word' id='word_1_214' title='bbox 362 2130 546 2170; x_wconf 90' lang='lat' dir='ltr'><strong>namque</strong></span> <span class='ocrx_word' id='word_1_215' title='bbox 569 2117 679 2158; x_wconf 84' lang='lat' dir='ltr'><strong>male</strong></span> <span class='ocrx_word' id='word_1_216' title='bbox 702 2116 944 2159; x_wconf 87' lang='lat' dir='ltr'><strong>haerentem</strong></span> <span class='ocrx_word' id='word_1_217' title='bbox 969 2123 1010 2158; x_wconf 92' lang='lat' dir='ltr'><strong>et</strong></span> <span class='ocrx_word' id='word_1_218' title='bbox 1033 2116 1162 2158; x_wconf 89' lang='lat' dir='ltr'><strong>nimia</strong></span> <span class='ocrx_word' id='word_1_219' title='bbox 1185 2117 1354 2160; x_wconf 91' lang='lat' dir='ltr'><strong>levitate</strong></span> <span class='ocrx_word' id='word_1_220' title='bbox 1379 2117 1588 2161; x_wconf 86' lang='lat' dir='ltr'><strong>caducum</strong></span> 
     </span>
    </p>

    <p class='ocr_par' dir='ltr' id='par_1_40' title="bbox 363 2172 1444 2229">
     <span class='ocr_line' id='line_1_41' title="bbox 363 2172 1444 2229; baseline 0.002 -15"><span class='ocrx_word' id='word_1_221' title='bbox 363 2172 580 2215; x_wconf 87' lang='lat' dir='ltr'><strong>excutiunt</strong></span> <span class='ocrx_word' id='word_1_222' title='bbox 603 2173 734 2223; x_wconf 88' lang='lat' dir='ltr'><strong>idem,</strong></span> <span class='ocrx_word' id='word_1_223' title='bbox 760 2173 833 2228; x_wconf 90' lang='lat' dir='ltr'><strong>qui</strong></span> <span class='ocrx_word' id='word_1_224' title='bbox 856 2179 1071 2229; x_wconf 87' lang='lat' dir='ltr'><strong>praestant</strong></span> <span class='ocrx_word' id='word_1_225' title='bbox 1095 2173 1278 2224; x_wconf 89' lang='lat' dir='ltr'><strong>nomina,</strong></span> <span class='ocrx_word' id='word_1_226' title='bbox 1303 2173 1444 2217; x_wconf 87' lang='lat' dir='ltr'><strong>venti.’</strong></span> 
     </span>
    </p>
   </div>
   <div class='ocr_carea' id='block_1_10' title="bbox 800 2319 1288 2389">
    <p class='ocr_par' dir='ltr' id='par_1_41' title="bbox 800 2319 1288 2389">
     <span class='ocr_line' id='line_1_42' title="bbox 800 2319 1288 2389; baseline 0.002 -3"><span class='ocrx_word' id='word_1_227' title='bbox 800 2350 955 2387; x_wconf 87' lang='lat' dir='ltr'>LIBER</span> <span class='ocrx_word' id='word_1_228' title='bbox 977 2319 1288 2389; x_wconf 56' lang='lat' dir='ltr'><strong>UNDssCIMUS.</strong></span> 
     </span>
    </p>
   </div>
   <div class='ocr_carea' id='block_1_11' title="bbox 360 2451 1727 2850">
    <p class='ocr_par' dir='ltr' id='par_1_42' title="bbox 360 2451 1727 2566">
     <span class='ocr_line' id='line_1_43' title="bbox 363 2451 1727 2512; baseline 0.005 -18"><span class='ocrx_word' id='word_1_229' title='bbox 363 2451 562 2496; x_wconf 87' lang='lat' dir='ltr'><strong>Carmine</strong></span> <span class='ocrx_word' id='word_1_230' title='bbox 587 2454 688 2496; x_wconf 88' lang='lat' dir='ltr'><strong>dum</strong></span> <span class='ocrx_word' id='word_1_231' title='bbox 713 2454 787 2496; x_wconf 89' lang='lat' dir='ltr'><strong>tali</strong></span> <span class='ocrx_word' id='word_1_232' title='bbox 811 2454 937 2496; x_wconf 87' lang='lat' dir='ltr'><strong>silvas</strong></span> <span class='ocrx_word' id='word_1_233' title='bbox 962 2455 1207 2509; x_wconf 90' lang='lat' dir='ltr'><strong>animosque</strong></span> <span class='ocrx_word' id='word_1_234' title='bbox 1230 2454 1417 2498; x_wconf 85' lang='lat' dir='ltr'><strong>ferarum</strong></span> <span class='ocrx_word' id='word_1_235' title='bbox 1561 2465 1727 2512; x_wconf 68' lang='lat' dir='ltr'><strong>Orpheus.</strong></span> 
     </span>
     <span class='ocr_line' id='line_1_44' title="bbox 360 2509 1311 2566; baseline 0.003 -15"><span class='ocrx_word' id='word_1_236' title='bbox 360 2509 582 2552; x_wconf 72' lang='lat' dir='ltr'><strong>Threicius</strong></span> <span class='ocrx_word' id='word_1_237' title='bbox 606 2518 723 2552; x_wconf 89' lang='lat' dir='ltr'><strong>vates</strong></span> <span class='ocrx_word' id='word_1_238' title='bbox 750 2517 791 2552; x_wconf 90' lang='lat' dir='ltr'><strong>et</strong></span> <span class='ocrx_word' id='word_1_239' title='bbox 815 2526 917 2552; x_wconf 85' lang='lat' dir='ltr'><strong>saxa</strong></span> <span class='ocrx_word' id='word_1_240' title='bbox 941 2511 1159 2566; x_wconf 87' lang='lat' dir='ltr'><strong>sequentia</strong></span> <span class='ocrx_word' id='word_1_241' title='bbox 1183 2511 1311 2562; x_wconf 87' lang='lat' dir='ltr'><strong>ducit,</strong></span> 
     </span>
    </p>

    <p class='ocr_par' dir='ltr' id='par_1_43' title="bbox 362 2565 1437 2623">
     <span class='ocr_line' id='line_1_45' title="bbox 362 2565 1437 2623; baseline 0.003 -16"><span class='ocrx_word' id='word_1_242' title='bbox 362 2579 460 2608; x_wconf 88' lang='lat' dir='ltr'><strong>eece</strong></span> <span class='ocrx_word' id='word_1_243' title='bbox 484 2581 614 2608; x_wconf 90' lang='lat' dir='ltr'><strong>nurus</strong></span> <span class='ocrx_word' id='word_1_244' title='bbox 641 2565 869 2618; x_wconf 85' lang='lat' dir='ltr'><strong>Ciconum,</strong></span> <span class='ocrx_word' id='word_1_245' title='bbox 894 2574 1029 2610; x_wconf 90' lang='lat' dir='ltr'><strong>tectae</strong></span> <span class='ocrx_word' id='word_1_246' title='bbox 1052 2567 1270 2623; x_wconf 84' lang='lat' dir='ltr'><strong>lymphata</strong></span> <span class='ocrx_word' id='word_1_247' title='bbox 1293 2567 1437 2611; x_wconf 87' lang='lat' dir='ltr'><strong>ferinis</strong></span> 
     </span>
    </p>

    <p class='ocr_par' dir='ltr' id='par_1_44' title="bbox 362 2623 1436 2676">
     <span class='ocr_line' id='line_1_46' title="bbox 362 2623 1436 2676; baseline 0.004 -13"><span class='ocrx_word' id='word_1_248' title='bbox 362 2629 534 2676; x_wconf 87' lang='lat' dir='ltr'><strong>pectora</strong></span> <span class='ocrx_word' id='word_1_249' title='bbox 558 2623 802 2673; x_wconf 85' lang='lat' dir='ltr'><strong>velleribus,</strong></span> <span class='ocrx_word' id='word_1_250' title='bbox 828 2623 979 2665; x_wconf 88' lang='lat' dir='ltr'><strong>tumuli</strong></span> <span class='ocrx_word' id='word_1_251' title='bbox 1003 2623 1055 2666; x_wconf 91' lang='lat' dir='ltr'><strong>de</strong></span> <span class='ocrx_word' id='word_1_252' title='bbox 1079 2624 1235 2666; x_wconf 90' lang='lat' dir='ltr'><strong>vertice</strong></span> <span class='ocrx_word' id='word_1_253' title='bbox 1259 2631 1436 2667; x_wconf 89' lang='lat' dir='ltr'><strong>cernunt</strong></span> 
     </span>
    </p>

    <p class='ocr_par' dir='ltr' id='par_1_45' title="bbox 365 2676 1412 2734">
     <span class='ocr_line' id='line_1_47' title="bbox 365 2676 1412 2734; baseline 0.005 -16"><span class='ocrx_word' id='word_1_254' title='bbox 365 2676 539 2732; x_wconf 89' lang='lat' dir='ltr'><strong>Orphea</strong></span> <span class='ocrx_word' id='word_1_255' title='bbox 562 2680 771 2734; x_wconf 87' lang='lat' dir='ltr'><strong>percussis</strong></span> <span class='ocrx_word' id='word_1_256' title='bbox 797 2680 1027 2722; x_wconf 87' lang='lat' dir='ltr'><strong>sociantem</strong></span> <span class='ocrx_word' id='word_1_257' title='bbox 1051 2680 1238 2723; x_wconf 89' lang='lat' dir='ltr'><strong>carmina</strong></span> <span class='ocrx_word' id='word_1_258' title='bbox 1259 2681 1412 2723; x_wconf 89' lang='lat' dir='ltr'><strong>nervis.</strong></span> 
     </span>
    </p>

    <p class='ocr_par' dir='ltr' id='par_1_46' title="bbox 364 2734 1394 2793">
     <span class='ocr_line' id='line_1_48' title="bbox 364 2734 1394 2793; baseline 0.004 -18"><span class='ocrx_word' id='word_1_259' title='bbox 364 2748 386 2774; x_wconf 89' lang='lat' dir='ltr'><strong>e</strong></span> <span class='ocrx_word' id='word_1_260' title='bbox 412 2734 564 2787; x_wconf 90' lang='lat' dir='ltr'><strong>quibus</strong></span> <span class='ocrx_word' id='word_1_261' title='bbox 588 2750 692 2785; x_wconf 88' lang='lat' dir='ltr'><strong>una,</strong></span> <span class='ocrx_word' id='word_1_262' title='bbox 716 2736 831 2778; x_wconf 89' lang='lat' dir='ltr'><strong>leves</strong></span> <span class='ocrx_word' id='word_1_263' title='bbox 855 2736 1008 2778; x_wconf 85' lang='lat' dir='ltr'><strong>iactato</strong></span> <span class='ocrx_word' id='word_1_264' title='bbox 1034 2736 1146 2779; x_wconf 87' lang='lat' dir='ltr'><strong>crine</strong></span> <span class='ocrx_word' id='word_1_265' title='bbox 1171 2751 1247 2793; x_wconf 86' lang='lat' dir='ltr'><strong>per</strong></span> <span class='ocrx_word' id='word_1_266' title='bbox 1271 2752 1394 2779; x_wconf 86' lang='lat' dir='ltr'><strong>auras</strong></span> 
     </span>
    </p>

    <p class='ocr_par' dir='ltr' id='par_1_47' title="bbox 363 2789 1557 2850">
     <span class='ocr_line' id='line_1_49' title="bbox 363 2789 1557 2850; baseline 0.004 -19.09"><span class='ocrx_word' id='word_1_267' title='bbox 363 2789 463 2840; x_wconf 86' lang='lat' dir='ltr'><strong>‘en,&#39;</strong></span> <span class='ocrx_word' id='word_1_268' title='bbox 489 2790 583 2832; x_wconf 88' lang='lat' dir='ltr'><strong>ait‘</strong></span> <span class='ocrx_word' id='word_1_269' title='bbox 591 2806 642 2834; x_wconf 90' lang='lat' dir='ltr'><strong>en</strong></span> <span class='ocrx_word' id='word_1_270' title='bbox 667 2791 734 2833; x_wconf 93' lang='lat' dir='ltr'><strong>hic</strong></span> <span class='ocrx_word' id='word_1_271' title='bbox 760 2799 822 2834; x_wconf 90' lang='lat' dir='ltr'><strong>est</strong></span> <span class='ocrx_word' id='word_1_272' title='bbox 845 2792 976 2835; x_wconf 83' lang='lat' dir='ltr'><strong>nostri</strong></span> <span class='ocrx_word' id='word_1_273' title='bbox 1002 2792 1300 2850; x_wconf 77' lang='lat' dir='ltr'><strong>contemptorl’</strong></span> <span class='ocrx_word' id='word_1_274' title='bbox 1326 2802 1367 2837; x_wconf 86' lang='lat' dir='ltr'><strong>et</strong></span> <span class='ocrx_word' id='word_1_275' title='bbox 1391 2793 1557 2836; x_wconf 89' lang='lat' dir='ltr'><strong>hastam</strong></span> 
     </span>
    </p>
   </div>
  </div>
 </body>
</html>
