1786 3242
335 271 420 316 202
777 278 820 314 P.
847 278 1012 315 OVIDII
1035 276 1250 314 NASONIS

243 375 311 408 130
335 376 433 404 ense
458 367 624 417 petens,
680 374 839 402 armam
862 358 1004 424 gladio
1027 358 1277 413 galeamque
1301 359 1442 401 cavari

334 417 484 467 cernit,
509 424 552 458 at
574 417 617 457 in
671 429 745 456 uro
769 415 879 457 laedi
903 428 1071 468 quoque
1096 428 1268 469 corpore
1292 414 1464 458 ferrum.

332 473 448 515 haud
470 472 565 514 tulit
588 471 781 520 ulterius,
807 471 1026 526 clipeoque
1049 470 1227 512 adversa
1249 477 1405 513 retecto

332 536 396 571 ter
419 535 566 583 quater
589 542 662 569 ora
686 527 764 568 viri
789 527 939 582 capulo
963 533 1006 569 et
1029 541 1134 568 cava
1157 533 1346 582 tempora
1368 527 1527 583 pulsat:

333 583 581 639 cedentique
605 597 784 637 sequens
809 583 937 625 instat
959 583 1184 636 turbatque
1207 582 1375 637 ruitque

241 655 307 686 135
333 640 591 694 attonitoque
615 648 743 695 negat
766 639 968 694 requiem.
1027 653 1158 694 pavor
1182 647 1362 695 occupat
1383 639 1517 690 illum,

332 704 430 740 ante
454 697 681 750 oculosque
705 703 852 737 natant
875 695 1085 738 tenebrae.
1143 702 1338 750 retroque
1361 695 1511 738 ferenti

333 767 500 795 aversos
524 767 673 808 passus
697 752 835 794 medio
858 752 964 807 lapis
988 751 1148 793 obstitit
1171 765 1285 793 arvo.

332 823 459 863 quem
484 823 610 864 super
632 808 861 863 impulsum
883 808 1080 863 resupino
1105 815 1272 863 pectore
1297 805 1495 864 Cycnum

333 865 375 907 vi
399 865 531 907 multa
555 864 678 907 vertit
702 872 920 918 terraeque
944 863 1104 905 adflixit
1127 863 1330 906 Achilles.

242 935 309 967 140
333 929 424 962 tum
449 921 582 976 clipeo
606 920 869 976 genibusque
893 935 1086 975 premens
1110 919 1356 975 praecordia
1379 920 1494 963 duris

332 977 471 1019 vincla
494 977 620 1018 trahit
644 977 808 1032 galeae:
834 990 942 1030 quae
966 990 1109 1031 presso
1134 976 1302 1018 subdita
1324 983 1466 1019 mento

333 1034 492 1076 elidunt
515 1033 659 1075 fauces
683 1040 725 1075 et
747 1033 1004 1087 respiramen
1027 1033 1188 1086 iterque

333 1089 514 1145 eripiunt
537 1090 714 1131 animae.
772 1088 931 1130 victum
955 1089 1133 1143 spoliare
1157 1089 1350 1144 parabat:
1397 1131 1413 1140 ,

333 1160 449 1187 arma
472 1145 615 1187 relicta
638 1145 752 1187 videt
760 1161 771 1195 ;
797 1159 949 1199 corpus
974 1145 1077 1187 deus
1102 1145 1294 1199 aequoris
1319 1146 1460 1188 albam

243 1215 308 1246 145
334 1201 506 1244 contulit
531 1201 574 1242 in
598 1202 831 1250 volucrem,
857 1201 975 1243 cuius
999 1200 1124 1243 modo
1148 1215 1301 1243 nomen
1325 1202 1522 1244 habebat.

389 1257 475 1298 Hic
497 1257 628 1306 labor,
653 1257 757 1298 haec
780 1257 969 1310 requiem
992 1258 1220 1299 multorum
1243 1272 1388 1314 pugna
1412 1258 1576 1301 dierum
1609 1258 1695 1292 00⁶·

333 1313 489 1362 attulit,
514 1320 554 1355 et
579 1313 723 1368 positis
747 1327 844 1368 pars
867 1320 1044 1367 utraque
1069 1313 1253 1355 substitit
1277 1315 1417 1356 armis.
1598 1313 1694 1338 nem·

333 1369 518 1423 dumque
541 1368 644 1424 vigil
666 1368 876 1423 Phrygios
902 1376 1041 1411 servat
1064 1370 1254 1411 custodia
1276 1384 1431 1420 murOS,

333 1433 375 1467 et
398 1425 499 1480 vigil
525 1425 747 1479 Argolicas
773 1432 911 1467 servat
935 1425 1125 1467 custodia
1147 1426 1295 1475 fossas,

243 1494 309 1526 150
333 1481 442 1523 festa
466 1481 554 1522 dies
578 1481 741 1530 aderat,
766 1495 851 1535 qua
876 1479 1012 1536 Cycni
1036 1481 1170 1523 victor
1193 1482 1382 1525 Achilles

330 1537 510 1579 Pallada
533 1544 738 1579 mactatae
761 1537 956 1592 placabat
981 1538 1184 1592 sanguine
1209 1553 1375 1582 vaccae.

333 1593 452 1635 cuius
476 1601 524 1634 ut
546 1593 746 1648 imposuit
769 1601 960 1648 prosecta
984 1594 1216 1636 calentibus
1241 1595 1337 1645 aris,

333 1657 375 1692 et
399 1650 462 1691 dis
486 1658 683 1704 acceptus
707 1649 941 1705 penetravit
964 1649 1007 1690 in
1032 1649 1202 1692 aethera
1225 1651 1358 1701 nidor,

333 1720 452 1747 sacra
476 1706 607 1747 tulere
632 1721 771 1756 suam,
795 1720 893 1761 pars
918 1713 981 1748 est
1005 1706 1104 1748 data
1127 1714 1266 1749 cetera
1288 1707 1457 1750 mensis.

242 1773 307 1805 155
334 1762 583 1804 discubuere
607 1762 707 1803 toris
730 1776 923 1817 proceres
948 1770 990 1804 et
1014 1776 1189 1817 corpora
1211 1770 1320 1805 tosta

333 1833 458 1860 carne
482 1818 663 1873 replent,
687 1817 869 1872 vinoque
891 1818 1033 1859 levant
1056 1832 1262 1873 curasque
1285 1819 1495 1874 sitimque.

331 1888 418 1916 non
440 1874 533 1915 illos
558 1873 761 1923 citharae,
785 1888 871 1915 non
894 1874 985 1915 illos
1010 1874 1196 1916 carmina
1219 1889 1370 1917 vocum

331 1930 513 1985 longave
537 1930 740 1971 multifori
764 1930 945 1972 delectat
968 1930 1071 1971 tibia
1093 1930 1211 1980 buxi,

333 1986 407 2028 sed
431 1993 596 2028 noctem
620 2000 808 2027 sermone
833 1986 1022 2036 trahunt,
1046 1986 1262 2040 virtusque
1285 1987 1483 2042 loquendi

242 2053 309 2085 160
332 2042 507 2084 materia
531 2049 607 2084 est.
664 2056 854 2097 pugnam
877 2042 1065 2084 referunt
1087 2042 1302 2097 hostisque
1326 2058 1544 2098 suamque,

331 2098 460 2152 inque
484 2098 596 2140 vices
620 2098 733 2139 adita
756 2105 882 2151 atque
907 2098 1112 2140 exhausta
1135 2099 1321 2154 pericula
1344 2114 1470 2156 saepe

332 2168 658 2196 commemorare
682 2154 810 2195 iuvat.
870 2154 972 2208 quid
995 2154 1107 2196 enim
1130 2155 1371 2209 loqueretur
1393 2155 1609 2199 Achilles?

332 2218 406 2252 aut
428 2210 531 2263 quid
555 2210 668 2265 apud
691 2225 894 2265 magnum
918 2211 1058 2265 potius
1082 2211 1352 2265 loquerentur
1373 2211 1613 2255 Achillem?

331 2267 523 2320 proxima
545 2266 769 2321 praecipue
794 2266 950 2308 domito
975 2267 1148 2309 victoria
1172 2265 1320 2322 Cycno

242 2334 306 2365 165
331 2323 373 2363 in
400 2336 591 2364 sermone
614 2322 706 2363 fuit.
767 2322 903 2364 visum
927 2323 1316 2374 mirabile'cunctis,

331 2378 445 2432 quod
467 2378 610 2420 iuveni
634 2392 786 2433 corpus
809 2379 925 2420 nullo
948 2379 1205 2434 penetrabile
1228 2380 1312 2422 telo

330 2434 617 2489 invictumque
642 2450 667 2475 a
691 2435 863 2477 vulnere
888 2442 977 2477 erat
1000 2434 1242 2490 ferrumque
1265 2435 1441 2479 terebat.

331 2490 410 2532 hoc
433 2490 523 2546 ipse
547 2490 777 2540 Aeacides,
801 2491 882 2533 hoc
905 2491 1166 2533 mirabantur
1188 2491 1362 2542 Achivi3

332 2560 429 2598 cum
453 2547 513 2588 sic
536 2546 692 2588 Nestor
715 2546 791 2588 ait:
817 2551 975 2589 ‘vestro
999 2547 1079 2589 fuit
1101 2548 1252 2590 unicus
1276 2562 1380 2591 aevo

242 2615 308 2646 170
334 2610 594 2658 contemptor
617 2603 716 2645 ferri
739 2603 938 2657 nulloque
962 2603 1149 2645 forabilis
1173 2603 1260 2646 ictu

335 2656 520 2712 Cycnus.
579 2666 623 2700 at
645 2659 735 2714 ipse
760 2659 859 2701 olim
882 2658 1110 2714 patientem
1133 2660 1306 2702 vulnera
1329 2660 1442 2704 mille

334 2728 505 2768 corpore
529 2728 613 2755 non
636 2715 749 2756 laeso
772 2714 1063 2757 Perrhaebum
1088 2713 1259 2758 Caenea
1283 2716 1387 2758 vidi:

334 2767 504 2812 Caenea
526 2769 835 2822 Perrhaebum,
861 2771 934 2826 qui
957 2771 1078 2814 factis
1102 2771 1270 2815 inclitus
1296 2771 1466 2828 Othryn
