1786 3242
290 244 786 283 METAMORPHOSEON
808 245 907 282 LIB.
931 245 1018 282 XV.
1044 244 1238 281 669-756.
1376 234 1459 278 271

80 329 182 374 hino
205 326 333 371 calidi
356 326 496 371 fontes
519 326 910 382 lentisciferumque
934 333 1101 370 tenetur

18 388 20 396 '
56 396 58 399 ’
78 385 307 430 Liternum
329 384 595 439 multamque
619 383 791 426 trahens
816 382 897 425 sub
920 383 1090 439 gurgite
1115 382 1318 425 harenam

79 442 319 487 Volturnus
341 440 563 496 niveisque
587 440 790 494 frequens
815 438 1022 483 Sinuessa
1045 439 1253 482 columbis

78 498 414 553 Minturnaeque
436 511 612 554 graves,
636 505 678 539 et
701 511 831 551 quam
855 496 1082 539 tumulavit
1106 495 1317 546 alumnus,

77 554 185 599 Anti
216 554 427 609 hataeque
450 553 602 596 domus
626 553 903 607 Trachasque
927 553 1102 595 obsessa
1124 553 1284 609 palude

51 643 53 646 -
79 618 124 656 et
219 625 271 654 us
295 608 477 654 Circaea
499 618 542 653 et
566 609 691 666 spissi
714 609 848 651 litoris
873 609 1068 652 Antium.

14 669 16 671 ’
77 668 165 712 huc
186 667 262 711 ubi
285 666 504 711 veliferam
528 674 685 709 nautae
709 666 930 708 advertere
955 665 1142 708 carinam

77 723 225 782 (asper
247 723 361 767 enim
383 723 468 766 iam
492 727 648 780 pontus
673 722 795 778 erat),
821 722 927 765 deus
951 722 1135 778 explicat
1159 721 1283 764 orbes

77 795 241 840 perque
265 780 382 823 sinus
406 779 577 824 crebros
601 786 644 823 et
666 793 826 835 magna
850 778 1066 820 volumina
1089 778 1236 821 labens

13 850 16 858 ³
52 890 56 891 ⁷
79 837 240 895 templa
261 836 450 894 parentis
472 837 551 879 init
574 836 734 879 flavum
758 835 979 892 tangentia
1001 834 1116 878 litus.

12 910 14 914 ·
79 908 264 951 aequore
287 894 455 951 placato
478 893 637 960 patrias
660 892 922 949 Epidaurius
947 906 1042 934 aras

10 986 15 996 ;
46 958 50 987 ἴ
77 950 250 1007 linquit,
275 958 317 994 et
340 949 522 1007 hospitio
547 950 627 993 sibi
650 949 783 992 iuncti
807 948 993 991 numinis
1017 963 1121 991 usus

46 1043 49 1057 >
77 1007 271 1052 litoream
294 1014 434 1050 tractu
455 1020 659 1062 squamae
683 1005 928 1062 crepitantis
953 1004 1158 1048 harenam

36 1099 43 1107 .
79 1064 216 1108 sulcat
239 1070 282 1107 et
303 1063 467 1107 innisus
491 1063 779 1106 moderamine
801 1063 924 1105 navis
947 1062 992 1104 in
1017 1062 1103 1104 alta

0 1111 15 1177 Ἢ
40 1122 43 1163 ζ
77 1135 223 1220 {appe
247 1127 377 1177 caput
456 1120 559 1170 suit,
583 1120 718 1162 donec
743 1117 1029 1174 Castrumque
1054 1132 1281 1174 sacrasque

0 1179 1 1187 ¹
123 1177 237 1221 avmi
260 1177 383 1220 sedes
448 1176 696 1231 iberinaque
721 1176 775 1218 ad
802 1176 910 1218 ostia
934 1175 1064 1218 venit.
1270 1181 1274 1186 '

38 1260 45 1285 3
77 1233 164 1278 huc
187 1233 325 1276 omnis
346 1234 492 1290 populi
515 1233 674 1289 passim
698 1240 968 1287 matrumque
991 1239 1248 1288 patrumque

78 1290 207 1334 obvia
229 1289 356 1333 turba
378 1289 482 1340 ruit,
507 1304 704 1345 quaeque
728 1290 871 1346 ignes,
896 1289 1070 1339 Troica,
1096 1296 1280 1339 servant,

19 1358 41 1405 ξ
79 1347 237 1397 Vesta,
261 1354 378 1398 tuos,
401 1346 599 1401 laetoque
623 1346 750 1389 deum
776 1346 960 1388 clamore
985 1345 1183 1388 salutant.

23 1447 26 1451 ,
78 1417 250 1460 quaque
273 1417 350 1460 per
373 1402 573 1446 adversas
597 1403 717 1445 navis
742 1403 825 1445 cita
849 1402 1019 1444 ducitur
1042 1402 1193 1452 undas,

18 1474 36 1515 32.
80 1461 179 1503 tura
202 1475 253 1503 su
285 1475 332 1503 er
354 1460 469 1516 ripas
493 1460 576 1503 aris
601 1474 655 1502 ex
679 1460 826 1502 ordine
850 1459 973 1502 factis

76 1523 199 1584 parte
222 1531 249 1559 a
301 1523 482 1571 utraque
506 1524 659 1558 sonant
682 1523 722 1558 et
748 1517 926 1558 odorant
951 1519 1050 1558 ae'ra
1073 1515 1222 1565 fumis3

76 1581 247 1629 ictaque
270 1573 483 1616 coniectos
506 1573 721 1615 incalfacit
743 1572 882 1615 hostia
906 1573 1077 1615 cultros.

4 1599 34 1685 Ξ
76 1630 271 1686 iamque,
293 1637 424 1687 caput
446 1644 608 1680 rerum,
633 1629 872 1672 Romanam
896 1629 1127 1671 intraverat
1149 1628 1319 1672 urbem:

6 1689 42 1764 ᾗ
78 1701 102 1730 e
125 1687 137 1698 '
171 1686 257 1729 'tur
280 1701 453 1743 serpens
478 1700 730 1740 summoque
755 1686 931 1728 acclinia
955 1685 1067 1727 malo

10 1760 39 1829 Ξ
77 1757 136 1811 co·
161 1750 354 1842 adimovet
376 1743 585 1810 sedesque
610 1742 691 1785 sibi
716 1741 1001 1841 circumspsiicit
1024 1748 1167 1807 aptas..

76 1807 576 1900 ffiffiffiefifflssa
592 1807 916 1911 ffiffinffffffl
940 1813 1266 1911 sssrsseaffssgssfim

133 1913 256 1970 rrigit
278 1913 479 1968 aequales
501 1913 644 1956 media
667 1913 817 1955 teHure
839 1913 1034 1955 lacertos.

18 1971 29 2026 ᾗ
76 1928 163 2014 hac
186 1985 232 2013 se
257 1969 310 2013 de
333 1969 464 2012 Latia
486 1969 592 2026 pinu
615 1969 861 2012 Phoebeius
886 1969 1038 2025 anguis

15 2070 20 2078 ³
77 2027 256 2070 contulit
279 2033 323 2070 et
344 2026 473 2069 finem
497 2026 638 2083 specie
663 2027 844 2069 caeleste
867 2032 1086 2081 resumpta

15 2098 20 2127 ζ
76 2083 263 2127 luctibus
286 2083 489 2139 imposuit
513 2083 712 2137 venitque
738 2082 929 2125 salutifer
951 2082 1061 2124 urbi.

1487 452 1559 484 715

1488 737 1560 770 720

1487 1018 1555 1050 725

1487 1303 1559 1335 730

1485 1586 1555 1618 735

1485 1871 1557 1902 740

1484 2097 1550 2128 744

135 2140 222 2183 Hic
244 2148 389 2182 tamen
412 2140 591 2183 accessit
614 2139 802 2182 delubris
827 2140 991 2181 advena
1016 2138 1189 2180 nostris:
1284 2138 1398 2172 Iulius
1417 2138 1550 2174 Caesar

79 2194 242 2240 Caesar
257 2196 303 2239 in
320 2195 443 2239 Urbe
461 2211 540 2239 sua
558 2196 663 2240 deus
684 2203 761 2238 est.
798 2211 926 2251 quem
943 2196 1086 2238 Marte
1104 2202 1290 2251 togaque

12 2264 13 2269 ’
76 2253 356 2310 praecipuum
379 2267 466 2295 non
490 2253 603 2296 bella
625 2253 764 2309 magis
787 2253 907 2294 finita
929 2251 1153 2308 triumphis

15 2342 18 2343 ν
76 2323 232 2365 resque
255 2309 373 2352 domi
395 2317 542 2367 gestae
567 2317 878 2366 properataque
901 2309 1038 2365 gloria
1061 2323 1204 2351 rerum

15 2403 26 2407 ,γ
76 2366 122 2409 in
145 2367 263 2409 sidus
285 2373 449 2410 vertere
472 2381 631 2408 novum
657 2367 907 2421 stellamque
932 2373 1182 2416 comantem,

14 2454 20 2482 ³
77 2437 208 2479 quam
231 2439 310 2466 sua
332 2423 572 2480 progenies.
632 2437 771 2478 neque
795 2422 908 2465 enim
933 2422 986 2465 de
1012 2421 1210 2465 Caesaris
1234 2422 1339 2465 actis

76 2479 212 2523 ullum
237 2487 302 2523 est
324 2480 462 2523 maius
487 2494 614 2536 opus,
639 2494 768 2534 quam
793 2479 909 2534 quod
932 2486 1054 2536 pater
1078 2479 1216 2522 extitit
1238 2478 1380 2530 huius.

12 2559 19 2579 t
77 2535 237 2580 scilicet
260 2550 494 2591 aequoreos
518 2537 614 2592 plus
639 2544 702 2579 est
727 2536 942 2579 domuisse
964 2536 1208 2587 Britannos,

15 2609 21 2652 ᾗ,
75 2606 238 2649 perque
260 2593 493 2650 papyriferi
517 2593 767 2649 septemflua
790 2592 966 2635 flumina
988 2593 1077 2635 Nili

76 2649 272 2693 victrices
296 2650 435 2706 egisse
458 2657 592 2700 rates,
618 2650 913 2704 Numidasque
937 2649 1115 2692 rebelles

6 2707 19 2762 ,ᾗ
78 2703 429 2763 Cinyphiumque
453 2706 608 2749 Iubam
631 2706 1002 2762 Mithridateisque
1025 2713 1258 2751 tumentem

74 2762 318 2807 nominibus
341 2763 530 2806 Pontum
554 2764 713 2820 populo
738 2763 941 2807 adiecisse
966 2762 1149 2818 Quirini,

1314 2189 1346 2218 et
1359 2184 1553 2229 Auyuslus.

1481 2437 1551 2468 750

1481 2721 1549 2752 755
