1774 3256
271 250 355 293 110
717 254 761 292 P.
788 256 951 294 OVIDII
974 255 1190 294 NASONIS

269 353 349 383 nec
373 339 482 381 sinat
504 338 585 380 hoc
608 338 791 387 Hecate,
814 351 893 379 nec
917 344 963 379 tu
987 338 1093 393 petis
1119 351 1267 392 aequa.
1326 337 1401 381 sed
1422 338 1518 390 isto,

180 410 246 441 175
271 395 385 450 quod
407 394 533 450 petis,
559 393 750 459 experiar
773 393 908 435 maius
933 393 1033 436 dare
1056 408 1229 444 munus,
1253 394 1394 437 Iason.

242 487 244 489 ,
270 459 359 494 arte
382 465 476 492 mea
499 464 633 492 socen
655 450 830 505 longum
853 450 1152 505 temptabimus
1176 465 1342 501 aevum,

268 522 354 549 non
379 506 498 548 annis
521 520 724 549 renovare
748 506 849 548 tuis:
874 506 999 548 modo
1023 506 1121 549 diva
1142 506 1342 550 triformis

270 563 441 605 adiuvet
464 569 506 605 et
527 577 725 618 praesens
748 562 991 618 ingentibus
1015 563 1173 605 adnuat
1196 562 1335 605 ausis.’

269 627 354 662 tres
378 619 552 662 aberant
574 626 738 669 noctes,
763 626 811 660 ut
834 633 991 661 cornua
1014 626 1102 661 tota
1125 620 1284 662 coirent

180 690 247 722 180
271 676 568 730 efficerentque
592 675 750 717 orbem.
807 682 1030 731 postquam
1054 675 1293 731 plenissima
1315 675 1433 719 fulsit

270 739 312 775 et
336 732 468 774 solida
491 739 622 774 terras
647 731 852 787 spectavit
874 732 1059 787 imagine
1081 733 1195 782 luna,

270 788 483 844 egreditur
506 788 625 830 tectis
650 795 787 830 vestes
812 788 959 830 induta
981 788 1200 838 recinctas‚

269 845 385 887 nuda
407 845 578 900 pedem,
601 844 738 886 nudos
762 844 917 887 umeris
940 844 1082 887 infusa
1105 845 1290 901 capillos,

270 901 437 956 fertque
462 915 593 957 vagos
617 901 781 943 mediae
805 916 881 956 per
903 908 1021 943 muta
1046 901 1209 943 silentia
1231 901 1365 944 noctis

180 970 244 1003 185
268 956 510 1000 incomitata
533 957 702 1013 gradus.
762 957 951 999 homines
975 957 1250 1012 volucresque
1273 957 1472 1013 ferasque

269 1014 451 1056 solverat
474 1014 558 1055 alta
581 1014 718 1067 quiest
743 1014 858 1055 nullo
883 1021 995 1055 stant
1018 1028 1232 1056 murmure
1257 1029 1423 1070 saepes:

267 1069 550 1124 immotaeque
574 1069 697 1112 silent
719 1069 908 1120 frondes,
934 1070 1027 1112 silet
1050 1070 1247 1112 humidus
1272 1074 1362 1113 a‘e'r:

269 1126 407 1168 sidera
431 1127 519 1168 sola
541 1125 710 1168 micant.
769 1126 823 1168 ad
847 1140 956 1180 quae
981 1142 1056 1168 sua
1080 1126 1276 1168 bracchia
1299 1127 1479 1171 tendens

268 1189 332 1225 ter
355 1197 399 1224 se
424 1182 646 1232 convertit,
670 1189 734 1224 ter
758 1182 933 1238 sumptis
956 1183 1129 1225 flumine
1153 1182 1310 1226 crinem

178 1251 245 1283 190
267 1238 468 1280 inroravit
491 1238 612 1292 aquis
635 1239 846 1292 ternisque
871 1239 1099 1281 ululatibus
1123 1253 1197 1281 ora

268 1294 412 1345 solvit,
437 1301 478 1337 et
500 1295 543 1336 in
569 1295 675 1336 dura
698 1295 920 1337 summisso
943 1295 1101 1350 poplite
1124 1302 1236 1338 terra

268 1351 390 1393 ‘nox'
415 1351 472 1392 ait
497 1351 678 1392 ‘arcanis
702 1351 922 1401 fidissima,
946 1365 1140 1406 quaeque
1165 1351 1325 1394 diurnis

268 1422 397 1449 aurea
420 1421 515 1449 cum
538 1408 641 1449 luna
665 1408 886 1450 succeditis
910 1407 1100 1463 ignibus,
1124 1415 1250 1458 astra,

267 1470 399 1517 tuque
422 1464 575 1519 triceps
599 1464 781 1513 Hecate,
807 1478 915 1518 quae
940 1465 1097 1519 coeptis
1122 1465 1290 1507 conscia
1311 1465 1465 1508 nostris

178 1532 242 1563 195
269 1520 534 1574 adiutrixque
559 1520 696 1569 venis,
722 1528 953 1574 cantusque
977 1528 1171 1575 artesque
1194 1535 1430 1576 magorum,

266 1591 459 1631 quaeque
483 1591 649 1632 magos,
674 1576 838 1627 Tellus,
863 1577 1116 1632 pollentibus
1138 1577 1307 1619 instruis
1331 1577 1489 1628 herbis,

267 1646 479 1687 auraeque
504 1640 544 1675 et
568 1633 682 1675 venti
704 1641 952 1687 montesque
977 1647 1204 1688 amnesque
1227 1633 1445 1689 lacusque,

267 1689 393 1743 dique
418 1703 564 1731 omnes
587 1703 807 1731 nemorum
831 1689 957 1743 dique
982 1704 1126 1732 omnes
1150 1690 1312 1739 noctis,
1328 1690 1487 1741 adeste,

266 1759 444 1799 quorum
469 1760 567 1801 ope,
593 1760 689 1787 cum
713 1746 847 1795 volui,
871 1746 971 1801 ripis
994 1746 1242 1788 mirantibus
1267 1761 1412 1789 amnes

177 1814 243 1846 200
267 1801 310 1842 in
334 1801 471 1844 fontes
495 1801 657 1844 rediere
682 1815 798 1843 suos:
825 1816 1113 1856 concussaque
1138 1802 1252 1852 sisto,

266 1857 419 1899 stantia
443 1858 636 1899 concutio
661 1865 788 1900 cantu
811 1858 936 1908 freta,
961 1858 1107 1900 nubila
1129 1859 1240 1914 pello

264 1914 492 1968 nubilaque
515 1914 690 1964 induco,
714 1921 860 1956 ventos
885 1915 1094 1970 abigoque
1118 1928 1322 1969 vocoque,

265 1970 456 2025 vipereas
480 1985 630 2025 rumpo
655 1970 794 2012 verbis
820 1978 861 2012 et
885 1971 1067 2013 carmine
1091 1971 1250 2021 fauces,

265 2026 447 2080 vivaque
471 2041 573 2068 saxa
596 2042 672 2068 sua
696 2027 980 2082 convulsaque
1002 2027 1154 2069 robora
1177 2034 1289 2069 terra

176 2096 240 2127 205
266 2090 307 2124 et
331 2082 456 2124 silvas
480 2097 649 2133 moveo,
673 2083 882 2138 iubeoque
906 2091 1153 2126 tremescere
1177 2090 1341 2127 montes

265 2145 307 2180 et
330 2139 494 2194 mugire
520 2139 655 2181 solum
679 2139 915 2194 Manesque
941 2140 1053 2183 exire
1078 2139 1295 2195 sepulcris.

265 2202 306 2237 te
331 2209 517 2249 quoque,
542 2195 689 2245 Luna,
713 2196 853 2246 traho,
877 2197 1069 2250 quamvis
1094 2196 1326 2239 Temesaea
1347 2197 1515 2242 labores

266 2266 364 2293 aera
387 2259 481 2292 tuos
505 2252 715 2302 minuant3
741 2266 886 2294 currus
911 2266 1080 2307 quoque
1105 2253 1288 2295 carmine
1311 2261 1454 2298 nostro

264 2307 393 2362 pallet
418 2308 504 2357 avi,
528 2308 657 2363 pallet
680 2309 834 2350 nostris
857 2309 1026 2350 Aurora
1050 2309 1235 2351 venenis.

175 2376 241 2408 210
265 2378 340 2405 vos
364 2364 467 2405 mihi
490 2371 706 2406 taurorum
730 2364 920 2407 flammas
944 2365 1170 2407 hebetastis
1195 2373 1236 2408 et
1258 2378 1369 2408 unco

263 2419 485 2475 impatiens
510 2421 646 2463 oneris
671 2421 825 2463 collum
849 2421 1056 2477 pressistis
1081 2428 1232 2463 aratro.

264 2490 339 2518 vos
365 2477 667 2533 serpentigenis
691 2477 734 2519 in
759 2493 803 2520 se
827 2477 917 2520 fera
940 2478 1051 2520 bella
1074 2477 1247 2520 dedistis

265 2533 566 2587 custodemque
589 2533 737 2576 rudem
763 2534 896 2575 somni
920 2534 1104 2589 sopistis,
1130 2541 1171 2576 et
1195 2548 1346 2577 aurum

263 2588 428 2630 vindice
453 2589 628 2644 decepto
655 2589 807 2633 Graias
829 2590 999 2632 misistis
1021 2590 1066 2632 in
1088 2590 1227 2632 urbes.

173 2656 238 2688 215
264 2659 378 2686 nunc
402 2659 507 2700 opus
532 2653 595 2687 est
619 2647 748 2696 sucis,
773 2661 849 2702 per
871 2660 976 2701 quos
999 2653 1199 2689 renovata
1223 2653 1414 2690 senectus

262 2701 306 2742 in
330 2701 476 2744 florem
500 2702 645 2744 redeat
666 2703 908 2758 primosque
931 2703 1148 2759 recolligat
1171 2717 1316 2745 annos.

263 2763 305 2799 et
329 2757 499 2800 dabitis!
525 2772 661 2813 neque
685 2759 797 2801 enim
819 2759 1054 2802 micuerunt
1079 2759 1215 2803 sidera
1238 2759 1410 2811 frustra,

1741 1146 1774 1325 -;’·,“;·;;’.ίτῑ·σ.ι
1746 1113 1750 1115 ’
1756 1066 1759 1086 ·<
1771 1035 1774 1037 .
1760 980 1774 1002 a,
1764 935 1767 940 -
1747 789 1772 909 ‘ts-w
