<?xml version="1.0" encoding="UTF-8"?>
<!DOCTYPE html PUBLIC "-//W3C//DTD XHTML 1.0 Transitional//EN"
    "http://www.w3.org/TR/xhtml1/DTD/xhtml1-transitional.dtd">
<html xmlns="http://www.w3.org/1999/xhtml" xml:lang="en" lang="en">
 <head>
  <title>
</title>
<meta http-equiv="Content-Type" content="text/html;charset=utf-8" />
  <meta name='ocr-system' content='tesseract 3.04.00' />
  <meta name='ocr-capabilities' content='ocr_page ocr_carea ocr_par ocr_line ocrx_word'/>
</head>
<body>
  <div class='ocr_page' id='page_1' title='image "./carminao02oviduoft_0280.png"; bbox 0 0 1786 3242; ppageno 0'>
   <div class='ocr_carea' id='block_1_1' title="bbox 383 283 1305 328">
    <p class='ocr_par' dir='ltr' id='par_1_1' title="bbox 383 283 1305 328">
     <span class='ocr_line' id='line_1_1' title="bbox 383 283 1305 328; baseline 0.001 -2"><span class='ocrx_word' id='word_1_1' title='bbox 383 283 469 326; x_wconf 83' lang='lat'>244</span> <span class='ocrx_word' id='word_1_2' title='bbox 829 292 871 326; x_wconf 86' lang='lat' dir='ltr'>P.</span> <span class='ocrx_word' id='word_1_3' title='bbox 899 290 1066 328; x_wconf 89' lang='lat' dir='ltr'>OVIDII</span> <span class='ocrx_word' id='word_1_4' title='bbox 1089 289 1305 328; x_wconf 86' lang='lat' dir='ltr'>NASONIS</span> 
     </span>
    </p>
   </div>
   <div class='ocr_carea' id='block_1_2' title="bbox 291 370 1751 2843">
    <p class='ocr_par' dir='ltr' id='par_1_2' title="bbox 291 370 1751 2843">
     <span class='ocr_line' id='line_1_2' title="bbox 291 370 1440 423; baseline -0.003 -4"><span class='ocrx_word' id='word_1_5' title='bbox 291 387 358 419; x_wconf 81' lang='lat'>380</span> <span class='ocrx_word' id='word_1_6' title='bbox 381 388 460 416; x_wconf 92' lang='lat' dir='ltr'>nec</span> <span class='ocrx_word' id='word_1_7' title='bbox 484 373 652 416; x_wconf 86' lang='lat' dir='ltr'>Venere</span> <span class='ocrx_word' id='word_1_8' title='bbox 677 378 850 415; x_wconf 84' lang='lat' dir='ltr'>externa</span> <span class='ocrx_word' id='word_1_9' title='bbox 874 371 1044 414; x_wconf 87' lang='lat' dir='ltr'>socialia</span> <span class='ocrx_word' id='word_1_10' title='bbox 1067 370 1239 415; x_wconf 86' lang='lat' dir='ltr'>foedera</span> <span class='ocrx_word' id='word_1_11' title='bbox 1261 371 1440 423; x_wconf 86' lang='lat' dir='ltr'>laedam,</span> 
     </span>
     <span class='ocr_line' id='line_1_3' title="bbox 382 426 1557 484; baseline 0.001 -12"><span class='ocrx_word' id='word_1_12' title='bbox 382 430 484 472; x_wconf 89' lang='lat' dir='ltr'>dum</span> <span class='ocrx_word' id='word_1_13' title='bbox 507 428 611 471; x_wconf 91' lang='lat' dir='ltr'>mihi</span> <span class='ocrx_word' id='word_1_14' title='bbox 633 428 882 484; x_wconf 85' lang='lat' dir='ltr'>Ianigenam</span> <span class='ocrx_word' id='word_1_15' title='bbox 905 427 1133 470; x_wconf 89' lang='lat' dir='ltr'>servabunt</span> <span class='ocrx_word' id='word_1_16' title='bbox 1156 428 1245 470; x_wconf 87' lang='lat' dir='ltr'>fata</span> <span class='ocrx_word' id='word_1_17' title='bbox 1269 426 1557 472; x_wconf 88' lang='lat' dir='ltr'>Canentem.’&#39;’</span> 
     </span>
     <span class='ocr_line' id='line_1_4' title="bbox 381 483 1384 541; baseline -0.001 -13"><span class='ocrx_word' id='word_1_18' title='bbox 381 500 507 541; x_wconf 80' lang='lat' dir='ltr'>saepe</span> <span class='ocrx_word' id='word_1_19' title='bbox 531 484 792 540; x_wconf 82' lang='lat' dir='ltr'>retemptatis</span> <span class='ocrx_word' id='word_1_20' title='bbox 815 483 1011 540; x_wconf 84' lang='lat' dir='ltr'>precibus</span> <span class='ocrx_word' id='word_1_21' title='bbox 1036 483 1206 527; x_wconf 87' lang='lat' dir='ltr'>Titania</span> <span class='ocrx_word' id='word_1_22' title='bbox 1227 484 1384 528; x_wconf 81' lang='lat' dir='ltr'>frustra</span> 
     </span>
     <span class='ocr_line' id='line_1_5' title="bbox 382 539 1614 597; baseline 0.002 -14"><span class='ocrx_word' id='word_1_23' title='bbox 382 546 516 584; x_wconf 89' lang='lat' dir='ltr'>“‘non</span> <span class='ocrx_word' id='word_1_24' title='bbox 538 541 710 597; x_wconf 90' lang='lat' dir='ltr'>impune</span> <span class='ocrx_word' id='word_1_25' title='bbox 734 541 857 583; x_wconf 83' lang='lat' dir='ltr'>feres.</span> <span class='ocrx_word' id='word_1_26' title='bbox 915 554 1052 594; x_wconf 90' lang='lat' dir='ltr'>neque</span> <span class='ocrx_word' id='word_1_27' title='bbox 1077 540 1188 583; x_wconf 91' lang='lat' dir='ltr'>enim</span> <span class='ocrx_word' id='word_1_28' title='bbox 1211 540 1387 584; x_wconf 84' lang='lat' dir='ltr'>reddere</span> <span class='ocrx_word' id='word_1_29' title='bbox 1413 539 1614 586; x_wconf 78' lang='lat' dir='ltr'>Canenti:</span> 
     </span>
     <span class='ocr_line' id='line_1_6' title="bbox 381 596 1682 652; baseline 0.002 -12"><span class='ocrx_word' id='word_1_30' title='bbox 381 599 578 652; x_wconf 85' lang='lat' dir='ltr'>laesaque</span> <span class='ocrx_word' id='word_1_31' title='bbox 603 596 706 652; x_wconf 89' lang='lat' dir='ltr'>quid</span> <span class='ocrx_word' id='word_1_32' title='bbox 729 597 876 647; x_wconf 88' lang='lat' dir='ltr'>faciat,</span> <span class='ocrx_word' id='word_1_33' title='bbox 900 596 1004 651; x_wconf 87' lang='lat' dir='ltr'>quid</span> <span class='ocrx_word' id='word_1_34' title='bbox 1026 611 1193 648; x_wconf 87' lang='lat' dir='ltr'>amans,</span> <span class='ocrx_word' id='word_1_35' title='bbox 1219 597 1322 652; x_wconf 90' lang='lat' dir='ltr'>quid</span> <span class='ocrx_word' id='word_1_36' title='bbox 1343 597 1522 650; x_wconf 83' lang='lat' dir='ltr'>femina,</span> <span class='ocrx_word' id='word_1_37' title='bbox 1546 598 1682 643; x_wconf 82' lang='lat' dir='ltr'>disces</span> 
     </span>
     <span class='ocr_line' id='line_1_7' title="bbox 292 652 1637 704; baseline 0.001 -6"><span class='ocrx_word' id='word_1_38' title='bbox 292 667 357 700; x_wconf 85' lang='lat'>385</span> <span class='ocrx_word' id='word_1_39' title='bbox 381 653 553 697; x_wconf 90' lang='lat' dir='ltr'>rebus&#39;&#39;&#39;</span> <span class='ocrx_word' id='word_1_40' title='bbox 579 654 656 704; x_wconf 86' lang='lat' dir='ltr'>ait,</span> <span class='ocrx_word' id='word_1_41' title='bbox 681 656 722 677; x_wconf 88' lang='lat'>“‘</span> <span class='ocrx_word' id='word_1_42' title='bbox 730 652 805 696; x_wconf 89' lang='lat' dir='ltr'>sed</span> <span class='ocrx_word' id='word_1_43' title='bbox 828 668 974 695; x_wconf 90' lang='lat' dir='ltr'>amans</span> <span class='ocrx_word' id='word_1_44' title='bbox 999 659 1040 696; x_wconf 90' lang='lat' dir='ltr'>et</span> <span class='ocrx_word' id='word_1_45' title='bbox 1062 653 1177 696; x_wconf 88' lang='lat' dir='ltr'>laesa</span> <span class='ocrx_word' id='word_1_46' title='bbox 1199 660 1242 696; x_wconf 88' lang='lat' dir='ltr'>et</span> <span class='ocrx_word' id='word_1_47' title='bbox 1264 653 1423 696; x_wconf 82' lang='lat' dir='ltr'>femina</span> <span class='ocrx_word' id='word_1_48' title='bbox 1446 653 1637 700; x_wconf 71' lang='lat' dir='ltr'>Ciroel’&#39;’</span> 
     </span>
     <span class='ocr_line' id='line_1_8' title="bbox 382 709 1507 759; baseline 0.002 -7"><span class='ocrx_word' id='word_1_49' title='bbox 382 717 474 752; x_wconf 91' lang='lat' dir='ltr'>tum</span> <span class='ocrx_word' id='word_1_50' title='bbox 497 710 562 752; x_wconf 91' lang='lat' dir='ltr'>bis</span> <span class='ocrx_word' id='word_1_51' title='bbox 587 710 643 752; x_wconf 87' lang='lat' dir='ltr'>ad</span> <span class='ocrx_word' id='word_1_52' title='bbox 667 724 882 759; x_wconf 87' lang='lat' dir='ltr'>occasum,</span> <span class='ocrx_word' id='word_1_53' title='bbox 907 709 971 751; x_wconf 90' lang='lat' dir='ltr'>bis</span> <span class='ocrx_word' id='word_1_54' title='bbox 996 724 1041 752; x_wconf 87' lang='lat' dir='ltr'>se</span> <span class='ocrx_word' id='word_1_55' title='bbox 1066 709 1271 753; x_wconf 85' lang='lat' dir='ltr'>convertit</span> <span class='ocrx_word' id='word_1_56' title='bbox 1293 709 1349 752; x_wconf 89' lang='lat' dir='ltr'>ad</span> <span class='ocrx_word' id='word_1_57' title='bbox 1371 717 1507 754; x_wconf 84' lang='lat' dir='ltr'>ortus:</span> 
     </span>
     <span class='ocr_line' id='line_1_9' title="bbox 382 765 1474 822; baseline 0.001 -13"><span class='ocrx_word' id='word_1_58' title='bbox 382 774 446 809; x_wconf 90' lang='lat' dir='ltr'>ter</span> <span class='ocrx_word' id='word_1_59' title='bbox 468 767 664 809; x_wconf 91' lang='lat' dir='ltr'>iuvenem</span> <span class='ocrx_word' id='word_1_60' title='bbox 688 766 839 809; x_wconf 90' lang='lat' dir='ltr'>baculo</span> <span class='ocrx_word' id='word_1_61' title='bbox 863 766 1020 822; x_wconf 89' lang='lat' dir='ltr'>tetigit,</span> <span class='ocrx_word' id='word_1_62' title='bbox 1044 766 1123 808; x_wconf 91' lang='lat' dir='ltr'>tria</span> <span class='ocrx_word' id='word_1_63' title='bbox 1147 765 1333 809; x_wconf 90' lang='lat' dir='ltr'>carmina</span> <span class='ocrx_word' id='word_1_64' title='bbox 1356 766 1474 810; x_wconf 85' lang='lat' dir='ltr'>dixit.</span> 
     </span>
     <span class='ocr_line' id='line_1_10' title="bbox 382 822 1248 879; baseline 0 -14"><span class='ocrx_word' id='word_1_65' title='bbox 382 823 452 866; x_wconf 89' lang='lat' dir='ltr'>ille</span> <span class='ocrx_word' id='word_1_66' title='bbox 477 823 606 879; x_wconf 84' lang='lat' dir='ltr'>fugit,</span> <span class='ocrx_word' id='word_1_67' title='bbox 632 823 707 865; x_wconf 88' lang='lat' dir='ltr'>sed</span> <span class='ocrx_word' id='word_1_68' title='bbox 731 838 775 866; x_wconf 90' lang='lat' dir='ltr'>se</span> <span class='ocrx_word' id='word_1_69' title='bbox 800 822 923 865; x_wconf 89' lang='lat' dir='ltr'>solito</span> <span class='ocrx_word' id='word_1_70' title='bbox 947 822 1133 865; x_wconf 88' lang='lat' dir='ltr'>velocius</span> <span class='ocrx_word' id='word_1_71' title='bbox 1157 823 1248 878; x_wconf 91' lang='lat' dir='ltr'>ipse</span> 
     </span>
     <span class='ocr_line' id='line_1_11' title="bbox 384 878 1394 935; baseline 0 -13"><span class='ocrx_word' id='word_1_72' title='bbox 384 894 551 922; x_wconf 90' lang='lat' dir='ltr'>currere</span> <span class='ocrx_word' id='word_1_73' title='bbox 574 879 761 921; x_wconf 87' lang='lat' dir='ltr'>miratur.</span> <span class='ocrx_word' id='word_1_74' title='bbox 819 893 979 935; x_wconf 88' lang='lat' dir='ltr'>pennas</span> <span class='ocrx_word' id='word_1_75' title='bbox 1003 879 1048 921; x_wconf 91' lang='lat' dir='ltr'>in</span> <span class='ocrx_word' id='word_1_76' title='bbox 1071 893 1244 935; x_wconf 91' lang='lat' dir='ltr'>corpore</span> <span class='ocrx_word' id='word_1_77' title='bbox 1268 878 1394 922; x_wconf 84' lang='lat' dir='ltr'>vidit:</span> 
     </span>
     <span class='ocr_line' id='line_1_12' title="bbox 292 935 1378 990; baseline -0.002 -10"><span class='ocrx_word' id='word_1_78' title='bbox 292 949 359 981; x_wconf 82' lang='lat'>390</span> <span class='ocrx_word' id='word_1_79' title='bbox 384 950 513 990; x_wconf 87' lang='lat' dir='ltr'>seque</span> <span class='ocrx_word' id='word_1_80' title='bbox 536 949 692 977; x_wconf 89' lang='lat' dir='ltr'>novam</span> <span class='ocrx_word' id='word_1_81' title='bbox 716 935 854 977; x_wconf 85' lang='lat' dir='ltr'>subito</span> <span class='ocrx_word' id='word_1_82' title='bbox 879 935 1015 977; x_wconf 89' lang='lat' dir='ltr'>Latiis</span> <span class='ocrx_word' id='word_1_83' title='bbox 1039 935 1238 978; x_wconf 83' lang='lat' dir='ltr'>accedere</span> <span class='ocrx_word' id='word_1_84' title='bbox 1263 935 1378 978; x_wconf 88' lang='lat' dir='ltr'>silvis</span> 
     </span>
     <span class='ocr_line' id='line_1_13' title="bbox 381 991 1368 1048; baseline -0.001 -14"><span class='ocrx_word' id='word_1_85' title='bbox 381 991 625 1048; x_wconf 86' lang='lat' dir='ltr'>indignatus</span> <span class='ocrx_word' id='word_1_86' title='bbox 649 1007 790 1041; x_wconf 90' lang='lat' dir='ltr'>avem,</span> <span class='ocrx_word' id='word_1_87' title='bbox 816 991 921 1033; x_wconf 89' lang='lat' dir='ltr'>duro</span> <span class='ocrx_word' id='word_1_88' title='bbox 945 991 1035 1034; x_wconf 88' lang='lat' dir='ltr'>fera</span> <span class='ocrx_word' id='word_1_89' title='bbox 1059 991 1211 1034; x_wconf 87' lang='lat' dir='ltr'>robora</span> <span class='ocrx_word' id='word_1_90' title='bbox 1233 1000 1368 1034; x_wconf 89' lang='lat' dir='ltr'>rostro</span> 
     </span>
     <span class='ocr_line' id='line_1_14' title="bbox 382 1047 1311 1104; baseline 0 -14"><span class='ocrx_word' id='word_1_91' title='bbox 382 1048 475 1104; x_wconf 88' lang='lat' dir='ltr'>figit</span> <span class='ocrx_word' id='word_1_92' title='bbox 499 1055 541 1090; x_wconf 88' lang='lat' dir='ltr'>et</span> <span class='ocrx_word' id='word_1_93' title='bbox 562 1047 693 1090; x_wconf 87' lang='lat' dir='ltr'>iratus</span> <span class='ocrx_word' id='word_1_94' title='bbox 717 1048 854 1104; x_wconf 89' lang='lat' dir='ltr'>longis</span> <span class='ocrx_word' id='word_1_95' title='bbox 878 1048 950 1090; x_wconf 88' lang='lat' dir='ltr'>dat</span> <span class='ocrx_word' id='word_1_96' title='bbox 973 1048 1148 1091; x_wconf 89' lang='lat' dir='ltr'>vulnera</span> <span class='ocrx_word' id='word_1_97' title='bbox 1170 1048 1311 1096; x_wconf 85' lang='lat' dir='ltr'>ramis.</span> 
     </span>
     <span class='ocr_line' id='line_1_15' title="bbox 414 1104 1500 1160; baseline 0.002 -14"><span class='ocrx_word' id='word_1_98' title='bbox 414 1119 642 1160; x_wconf 86' lang='lat' dir='ltr'>urpureum</span> <span class='ocrx_word' id='word_1_99' title='bbox 667 1104 899 1159; x_wconf 83' lang='lat' dir='ltr'>chlamydis</span> <span class='ocrx_word' id='word_1_100' title='bbox 922 1119 1086 1160; x_wconf 89' lang='lat' dir='ltr'>pennae</span> <span class='ocrx_word' id='word_1_101' title='bbox 1110 1111 1274 1147; x_wconf 82' lang='lat' dir='ltr'>traxere</span> <span class='ocrx_word' id='word_1_102' title='bbox 1299 1104 1500 1148; x_wconf 74' lang='lat' dir='ltr'>coloremt</span> 
     </span>
     <span class='ocr_line' id='line_1_16' title="bbox 415 1160 1577 1215; baseline 0.002 -13"><span class='ocrx_word' id='word_1_103' title='bbox 415 1160 515 1202; x_wconf 89' lang='lat' dir='ltr'>bula</span> <span class='ocrx_word' id='word_1_104' title='bbox 538 1160 653 1215; x_wconf 91' lang='lat' dir='ltr'>quod</span> <span class='ocrx_word' id='word_1_105' title='bbox 675 1160 814 1202; x_wconf 90' lang='lat' dir='ltr'>fuerat</span> <span class='ocrx_word' id='word_1_106' title='bbox 837 1168 1081 1215; x_wconf 85' lang='lat' dir='ltr'>vestemque</span> <span class='ocrx_word' id='word_1_107' title='bbox 1107 1161 1389 1204; x_wconf 84' lang='lat' dir='ltr'>momorderat</span> <span class='ocrx_word' id='word_1_108' title='bbox 1411 1177 1577 1212; x_wconf 86' lang='lat' dir='ltr'>aurum,</span> 
     </span>
     <span class='ocr_line' id='line_1_17' title="bbox 293 1216 1446 1272; baseline 0.002 -14"><span class='ocrx_word' id='word_1_109' title='bbox 293 1230 358 1262; x_wconf 86' lang='lat'>395</span> <span class='ocrx_word' id='word_1_110' title='bbox 383 1217 529 1272; x_wconf 87' lang='lat' dir='ltr'>pluma</span> <span class='ocrx_word' id='word_1_111' title='bbox 551 1216 617 1267; x_wconf 93' lang='lat' dir='ltr'>fit,</span> <span class='ocrx_word' id='word_1_112' title='bbox 642 1223 684 1259; x_wconf 88' lang='lat' dir='ltr'>et</span> <span class='ocrx_word' id='word_1_113' title='bbox 706 1216 824 1259; x_wconf 90' lang='lat' dir='ltr'>fulvo</span> <span class='ocrx_word' id='word_1_114' title='bbox 849 1217 991 1259; x_wconf 86' lang='lat' dir='ltr'>cervix</span> <span class='ocrx_word' id='word_1_115' title='bbox 1015 1217 1301 1272; x_wconf 85' lang='lat' dir='ltr'>praecingitur</span> <span class='ocrx_word' id='word_1_116' title='bbox 1323 1233 1446 1261; x_wconf 82' lang='lat' dir='ltr'>auro:</span> 
     </span>
     <span class='ocr_line' id='line_1_18' title="bbox 383 1272 1589 1327; baseline 0.002 -12"><span class='ocrx_word' id='word_1_117' title='bbox 383 1287 462 1315; x_wconf 90' lang='lat' dir='ltr'>nec</span> <span class='ocrx_word' id='word_1_118' title='bbox 485 1272 713 1327; x_wconf 90' lang='lat' dir='ltr'>quicquam</span> <span class='ocrx_word' id='word_1_119' title='bbox 737 1272 958 1327; x_wconf 90' lang='lat' dir='ltr'>antiquum</span> <span class='ocrx_word' id='word_1_120' title='bbox 980 1272 1105 1324; x_wconf 92' lang='lat' dir='ltr'>Pico,</span> <span class='ocrx_word' id='word_1_121' title='bbox 1130 1273 1210 1315; x_wconf 89' lang='lat' dir='ltr'>nisi</span> <span class='ocrx_word' id='word_1_122' title='bbox 1232 1274 1422 1325; x_wconf 89' lang='lat' dir='ltr'>nomina,</span> <span class='ocrx_word' id='word_1_123' title='bbox 1445 1281 1589 1318; x_wconf 88' lang='lat' dir='ltr'>restat.</span> 
     </span>
     <span class='ocr_line' id='line_1_19' title="bbox 383 1329 1363 1386; baseline 0.003 -16"><span class='ocrx_word' id='word_1_124' title='bbox 383 1329 544 1371; x_wconf 89' lang='lat' dir='ltr'>interea</span> <span class='ocrx_word' id='word_1_125' title='bbox 569 1329 760 1379; x_wconf 87' lang='lat' dir='ltr'>comites,</span> <span class='ocrx_word' id='word_1_126' title='bbox 786 1329 965 1371; x_wconf 86' lang='lat' dir='ltr'>clamato</span> <span class='ocrx_word' id='word_1_127' title='bbox 990 1344 1116 1385; x_wconf 83' lang='lat' dir='ltr'>saepe</span> <span class='ocrx_word' id='word_1_128' title='bbox 1139 1345 1215 1385; x_wconf 92' lang='lat' dir='ltr'>per</span> <span class='ocrx_word' id='word_1_129' title='bbox 1238 1344 1363 1386; x_wconf 88' lang='lat' dir='ltr'>agros</span> 
     </span>
     <span class='ocr_line' id='line_1_20' title="bbox 382 1384 1402 1442; baseline 0.001 -14"><span class='ocrx_word' id='word_1_130' title='bbox 382 1385 639 1440; x_wconf 89' lang='lat' dir='ltr'>nequiquam</span> <span class='ocrx_word' id='word_1_131' title='bbox 662 1384 768 1427; x_wconf 92' lang='lat' dir='ltr'>Pico</span> <span class='ocrx_word' id='word_1_132' title='bbox 792 1385 993 1439; x_wconf 88' lang='lat' dir='ltr'>nullaque</span> <span class='ocrx_word' id='word_1_133' title='bbox 1015 1385 1059 1427; x_wconf 89' lang='lat' dir='ltr'>in</span> <span class='ocrx_word' id='word_1_134' title='bbox 1081 1393 1199 1442; x_wconf 88' lang='lat' dir='ltr'>parte</span> <span class='ocrx_word' id='word_1_135' title='bbox 1223 1394 1402 1442; x_wconf 88' lang='lat' dir='ltr'>reperto,</span> 
     </span>
     <span class='ocr_line' id='line_1_21' title="bbox 382 1439 1508 1485; baseline 0.003 -3"><span class='ocrx_word' id='word_1_136' title='bbox 382 1441 602 1484; x_wconf 85' lang='lat' dir='ltr'>inveniunt</span> <span class='ocrx_word' id='word_1_137' title='bbox 627 1439 781 1484; x_wconf 88' lang='lat' dir='ltr'>Circen</span> <span class='ocrx_word' id='word_1_138' title='bbox 804 1465 862 1471; x_wconf 90' lang='lat'>—-</span> <span class='ocrx_word' id='word_1_139' title='bbox 884 1456 983 1483; x_wconf 91' lang='lat' dir='ltr'>nam</span> <span class='ocrx_word' id='word_1_140' title='bbox 1006 1441 1091 1483; x_wconf 88' lang='lat' dir='ltr'>iam</span> <span class='ocrx_word' id='word_1_141' title='bbox 1115 1449 1361 1485; x_wconf 87' lang='lat' dir='ltr'>tenuaverat</span> <span class='ocrx_word' id='word_1_142' title='bbox 1385 1457 1508 1485; x_wconf 87' lang='lat' dir='ltr'>auras</span> 
     </span>
     <span class='ocr_line' id='line_1_22' title="bbox 291 1494 1514 1553; baseline 0.002 -14"><span class='ocrx_word' id='word_1_143' title='bbox 291 1512 359 1543; x_wconf 83' lang='lat'>400</span> <span class='ocrx_word' id='word_1_144' title='bbox 383 1511 590 1553; x_wconf 89' lang='lat' dir='ltr'>passaque</span> <span class='ocrx_word' id='word_1_145' title='bbox 615 1505 704 1540; x_wconf 91' lang='lat' dir='ltr'>erat</span> <span class='ocrx_word' id='word_1_146' title='bbox 727 1498 904 1540; x_wconf 90' lang='lat' dir='ltr'>nebulas</span> <span class='ocrx_word' id='word_1_147' title='bbox 928 1494 1064 1540; x_wconf 80' lang='lat' dir='ltr'>v&#39;entis</span> <span class='ocrx_word' id='word_1_148' title='bbox 1089 1513 1139 1541; x_wconf 92' lang='lat' dir='ltr'>ac</span> <span class='ocrx_word' id='word_1_149' title='bbox 1163 1498 1250 1541; x_wconf 93' lang='lat' dir='ltr'>sole</span> <span class='ocrx_word' id='word_1_150' title='bbox 1273 1499 1433 1541; x_wconf 91' lang='lat' dir='ltr'>recludi</span> <span class='ocrx_word' id='word_1_151' title='bbox 1456 1523 1514 1529; x_wconf 97' lang='lat'><strong>—</strong></span> 
     </span>
     <span class='ocr_line' id='line_1_23' title="bbox 384 1553 1568 1611; baseline 0.002 -15"><span class='ocrx_word' id='word_1_152' title='bbox 384 1553 712 1608; x_wconf 86' lang='lat' dir='ltr'>criminibusque</span> <span class='ocrx_word' id='word_1_153' title='bbox 736 1561 934 1609; x_wconf 88' lang='lat' dir='ltr'>premunt</span> <span class='ocrx_word' id='word_1_154' title='bbox 956 1554 1065 1596; x_wconf 91' lang='lat' dir='ltr'>veris</span> <span class='ocrx_word' id='word_1_155' title='bbox 1089 1569 1317 1610; x_wconf 86' lang='lat' dir='ltr'>regemque</span> <span class='ocrx_word' id='word_1_156' title='bbox 1342 1562 1568 1611; x_wconf 89' lang='lat' dir='ltr'>reposcunt</span> 
     </span>
     <span class='ocr_line' id='line_1_24' title="bbox 383 1610 1498 1666; baseline 0.003 -15"><span class='ocrx_word' id='word_1_157' title='bbox 383 1610 552 1664; x_wconf 89' lang='lat' dir='ltr'>vimque</span> <span class='ocrx_word' id='word_1_158' title='bbox 577 1610 717 1652; x_wconf 87' lang='lat' dir='ltr'>ferunt</span> <span class='ocrx_word' id='word_1_159' title='bbox 741 1610 962 1664; x_wconf 87' lang='lat' dir='ltr'>saevisque</span> <span class='ocrx_word' id='word_1_160' title='bbox 986 1618 1135 1666; x_wconf 87' lang='lat' dir='ltr'>parant</span> <span class='ocrx_word' id='word_1_161' title='bbox 1157 1611 1365 1654; x_wconf 90' lang='lat' dir='ltr'>incessere</span> <span class='ocrx_word' id='word_1_162' title='bbox 1389 1611 1498 1655; x_wconf 85' lang='lat' dir='ltr'>telis.</span> 
     </span>
     <span class='ocr_line' id='line_1_25' title="bbox 382 1666 1375 1722; baseline 0.002 -14"><span class='ocrx_word' id='word_1_163' title='bbox 382 1666 454 1708; x_wconf 91' lang='lat' dir='ltr'>illa</span> <span class='ocrx_word' id='word_1_164' title='bbox 477 1681 632 1708; x_wconf 88' lang='lat' dir='ltr'>nocens</span> <span class='ocrx_word' id='word_1_165' title='bbox 657 1666 817 1722; x_wconf 84' lang='lat' dir='ltr'>spargit</span> <span class='ocrx_word' id='word_1_166' title='bbox 840 1666 954 1708; x_wconf 88' lang='lat' dir='ltr'>virus</span> <span class='ocrx_word' id='word_1_167' title='bbox 979 1681 1187 1721; x_wconf 91' lang='lat' dir='ltr'>sucosque</span> <span class='ocrx_word' id='word_1_168' title='bbox 1211 1667 1375 1718; x_wconf 89' lang='lat' dir='ltr'>veneni,</span> 
     </span>
     <span class='ocr_line' id='line_1_26' title="bbox 384 1722 1494 1779; baseline 0.002 -14"><span class='ocrx_word' id='word_1_169' title='bbox 384 1730 426 1765; x_wconf 91' lang='lat' dir='ltr'>et</span> <span class='ocrx_word' id='word_1_170' title='bbox 449 1722 631 1766; x_wconf 90' lang='lat' dir='ltr'>Noctem</span> <span class='ocrx_word' id='word_1_171' title='bbox 653 1722 885 1777; x_wconf 89' lang='lat' dir='ltr'>Noctisque</span> <span class='ocrx_word' id='word_1_172' title='bbox 910 1723 1011 1765; x_wconf 88' lang='lat' dir='ltr'>deos</span> <span class='ocrx_word' id='word_1_173' title='bbox 1034 1723 1261 1777; x_wconf 88' lang='lat' dir='ltr'>Ereboque</span> <span class='ocrx_word' id='word_1_174' title='bbox 1287 1722 1494 1779; x_wconf 84' lang='lat' dir='ltr'>Chaoquc</span> 
     </span>
     <span class='ocr_line' id='line_1_27' title="bbox 293 1779 1414 1834; baseline -0.001 -11"><span class='ocrx_word' id='word_1_175' title='bbox 293 1794 359 1824; x_wconf 84' lang='lat'>405</span> <span class='ocrx_word' id='word_1_176' title='bbox 385 1786 589 1822; x_wconf 88' lang='lat' dir='ltr'>convocat</span> <span class='ocrx_word' id='word_1_177' title='bbox 612 1785 654 1821; x_wconf 89' lang='lat' dir='ltr'>et</span> <span class='ocrx_word' id='word_1_178' title='bbox 676 1779 814 1834; x_wconf 91' lang='lat' dir='ltr'>longis</span> <span class='ocrx_word' id='word_1_179' title='bbox 838 1780 1031 1821; x_wconf 89' lang='lat' dir='ltr'>Hecaten</span> <span class='ocrx_word' id='word_1_180' title='bbox 1055 1780 1285 1822; x_wconf 89' lang='lat' dir='ltr'>ululatibus</span> <span class='ocrx_word' id='word_1_181' title='bbox 1311 1788 1414 1823; x_wconf 84' lang='lat' dir='ltr'>orat.</span> 
     </span>
     <span class='ocr_line' id='line_1_28' title="bbox 384 1835 1245 1890; baseline 0 -12"><span class='ocrx_word' id='word_1_182' title='bbox 384 1835 569 1878; x_wconf 87' lang='lat' dir='ltr'>exiluere</span> <span class='ocrx_word' id='word_1_183' title='bbox 592 1836 685 1877; x_wconf 90' lang='lat' dir='ltr'>loco</span> <span class='ocrx_word' id='word_1_184' title='bbox 710 1835 845 1889; x_wconf 86' lang='lat' dir='ltr'>(dictu</span> <span class='ocrx_word' id='word_1_185' title='bbox 868 1835 1077 1890; x_wconf 89' lang='lat' dir='ltr'>mirabile)</span> <span class='ocrx_word' id='word_1_186' title='bbox 1102 1836 1245 1887; x_wconf 86' lang='lat' dir='ltr'>silvae,</span> 
     </span>
     <span class='ocr_line' id='line_1_29' title="bbox 382 1891 1430 1947; baseline 0.002 -15"><span class='ocrx_word' id='word_1_187' title='bbox 382 1891 672 1946; x_wconf 89' lang='lat' dir='ltr'>ingemuitque</span> <span class='ocrx_word' id='word_1_188' title='bbox 697 1891 852 1940; x_wconf 91' lang='lat' dir='ltr'>solum,</span> <span class='ocrx_word' id='word_1_189' title='bbox 878 1891 1099 1946; x_wconf 90' lang='lat' dir='ltr'>vicinaque</span> <span class='ocrx_word' id='word_1_190' title='bbox 1122 1892 1270 1947; x_wconf 89' lang='lat' dir='ltr'>palluit</span> <span class='ocrx_word' id='word_1_191' title='bbox 1293 1892 1430 1943; x_wconf 89' lang='lat' dir='ltr'>arbor,</span> 
     </span>
     <span class='ocr_line' id='line_1_30' title="bbox 383 1947 1502 2005; baseline 0.002 -16"><span class='ocrx_word' id='word_1_192' title='bbox 383 1962 613 2002; x_wconf 90' lang='lat' dir='ltr'>sparsaque</span> <span class='ocrx_word' id='word_1_193' title='bbox 638 1947 878 2003; x_wconf 90' lang='lat' dir='ltr'>sanguineis</span> <span class='ocrx_word' id='word_1_194' title='bbox 902 1948 1154 1990; x_wconf 87' lang='lat' dir='ltr'>maduerunt</span> <span class='ocrx_word' id='word_1_195' title='bbox 1175 1948 1333 2004; x_wconf 86' lang='lat' dir='ltr'>pabula</span> <span class='ocrx_word' id='word_1_196' title='bbox 1356 1949 1502 2005; x_wconf 83' lang='lat' dir='ltr'>guttis,</span> 
     </span>
     <span class='ocr_line' id='line_1_31' title="bbox 383 2003 1244 2059; baseline 0.001 -13"><span class='ocrx_word' id='word_1_197' title='bbox 383 2011 425 2046; x_wconf 88' lang='lat' dir='ltr'>et</span> <span class='ocrx_word' id='word_1_198' title='bbox 448 2003 608 2059; x_wconf 90' lang='lat' dir='ltr'>lapides</span> <span class='ocrx_word' id='word_1_199' title='bbox 632 2003 711 2045; x_wconf 89' lang='lat' dir='ltr'>visi</span> <span class='ocrx_word' id='word_1_200' title='bbox 735 2003 922 2059; x_wconf 89' lang='lat' dir='ltr'>mugitus</span> <span class='ocrx_word' id='word_1_201' title='bbox 947 2004 1071 2046; x_wconf 90' lang='lat' dir='ltr'>edere</span> <span class='ocrx_word' id='word_1_202' title='bbox 1095 2019 1244 2047; x_wconf 89' lang='lat' dir='ltr'>raucos</span> 
     </span>
     <span class='ocr_line' id='line_1_32' title="bbox 292 2059 1409 2116; baseline -0.001 -12"><span class='ocrx_word' id='word_1_203' title='bbox 292 2074 360 2105; x_wconf 82' lang='lat'>410</span> <span class='ocrx_word' id='word_1_204' title='bbox 385 2068 427 2102; x_wconf 83' lang='lat' dir='ltr'>et</span> <span class='ocrx_word' id='word_1_205' title='bbox 449 2060 602 2102; x_wconf 87' lang='lat' dir='ltr'>latrare</span> <span class='ocrx_word' id='word_1_206' title='bbox 627 2074 752 2102; x_wconf 88' lang='lat' dir='ltr'>canes</span> <span class='ocrx_word' id='word_1_207' title='bbox 777 2067 819 2102; x_wconf 91' lang='lat' dir='ltr'>et</span> <span class='ocrx_word' id='word_1_208' title='bbox 842 2059 996 2102; x_wconf 92' lang='lat' dir='ltr'>humus</span> <span class='ocrx_word' id='word_1_209' title='bbox 1021 2061 1283 2116; x_wconf 88' lang='lat' dir='ltr'>serpentibus</span> <span class='ocrx_word' id='word_1_210' title='bbox 1307 2061 1409 2103; x_wconf 87' lang='lat' dir='ltr'>atris</span> 
     </span>
     <span class='ocr_line' id='line_1_33' title="bbox 384 2116 1436 2170; baseline 0.001 -12"><span class='ocrx_word' id='word_1_211' title='bbox 384 2116 576 2170; x_wconf 87' lang='lat' dir='ltr'>squalere</span> <span class='ocrx_word' id='word_1_212' title='bbox 601 2123 643 2158; x_wconf 87' lang='lat' dir='ltr'>et</span> <span class='ocrx_word' id='word_1_213' title='bbox 666 2123 813 2159; x_wconf 90' lang='lat' dir='ltr'>tenues</span> <span class='ocrx_word' id='word_1_214' title='bbox 838 2116 1003 2159; x_wconf 86' lang='lat' dir='ltr'>animae</span> <span class='ocrx_word' id='word_1_215' title='bbox 1027 2117 1201 2160; x_wconf 90' lang='lat' dir='ltr'>volitare</span> <span class='ocrx_word' id='word_1_216' title='bbox 1226 2117 1436 2159; x_wconf 86' lang='lat' dir='ltr'>silentum.</span> 
     </span>
     <span class='ocr_line' id='line_1_34' title="bbox 384 2171 1488 2230; baseline 0.003 -16"><span class='ocrx_word' id='word_1_217' title='bbox 384 2171 608 2214; x_wconf 90' lang='lat' dir='ltr'>attonitum</span> <span class='ocrx_word' id='word_1_218' title='bbox 633 2173 828 2214; x_wconf 88' lang='lat' dir='ltr'>monstris</span> <span class='ocrx_word' id='word_1_219' title='bbox 852 2173 1005 2228; x_wconf 89' lang='lat' dir='ltr'>vulgus</span> <span class='ocrx_word' id='word_1_220' title='bbox 1030 2180 1176 2228; x_wconf 89' lang='lat' dir='ltr'>pavet:</span> <span class='ocrx_word' id='word_1_221' title='bbox 1202 2173 1274 2215; x_wconf 85' lang='lat' dir='ltr'>illa</span> <span class='ocrx_word' id='word_1_222' title='bbox 1296 2173 1488 2230; x_wconf 85' lang='lat' dir='ltr'>paventis</span> 
     </span>
     <span class='ocr_line' id='line_1_35' title="bbox 382 2228 1220 2285; baseline 0.001 -15"><span class='ocrx_word' id='word_1_223' title='bbox 382 2243 456 2270; x_wconf 90' lang='lat' dir='ltr'>ora</span> <span class='ocrx_word' id='word_1_224' title='bbox 479 2235 686 2271; x_wconf 88' lang='lat' dir='ltr'>venenata</span> <span class='ocrx_word' id='word_1_225' title='bbox 708 2228 847 2284; x_wconf 88' lang='lat' dir='ltr'>tetigit</span> <span class='ocrx_word' id='word_1_226' title='bbox 869 2229 1064 2271; x_wconf 87' lang='lat' dir='ltr'>mirantia</span> <span class='ocrx_word' id='word_1_227' title='bbox 1088 2230 1220 2285; x_wconf 88' lang='lat' dir='ltr'>virga.</span> 
     </span>
     <span class='ocr_line' id='line_1_36' title="bbox 384 2284 1420 2329; baseline 0.003 -3"><span class='ocrx_word' id='word_1_228' title='bbox 384 2284 503 2326; x_wconf 90' lang='lat' dir='ltr'>cuius</span> <span class='ocrx_word' id='word_1_229' title='bbox 528 2285 582 2326; x_wconf 92' lang='lat' dir='ltr'>ab</span> <span class='ocrx_word' id='word_1_230' title='bbox 608 2291 766 2327; x_wconf 89' lang='lat' dir='ltr'>attactu</span> <span class='ocrx_word' id='word_1_231' title='bbox 790 2285 1002 2327; x_wconf 89' lang='lat' dir='ltr'>variarum</span> <span class='ocrx_word' id='word_1_232' title='bbox 1024 2294 1211 2328; x_wconf 88' lang='lat' dir='ltr'>monstra</span> <span class='ocrx_word' id='word_1_233' title='bbox 1233 2285 1420 2329; x_wconf 88' lang='lat' dir='ltr'>ferarum</span> 
     </span>
     <span class='ocr_line' id='line_1_37' title="bbox 291 2341 1431 2399; baseline -0.001 -13"><span class='ocrx_word' id='word_1_234' title='bbox 291 2354 359 2385; x_wconf 85' lang='lat'>415</span> <span class='ocrx_word' id='word_1_235' title='bbox 384 2341 429 2382; x_wconf 89' lang='lat' dir='ltr'>in</span> <span class='ocrx_word' id='word_1_236' title='bbox 452 2341 626 2383; x_wconf 88' lang='lat' dir='ltr'>iuvenes</span> <span class='ocrx_word' id='word_1_237' title='bbox 651 2341 843 2383; x_wconf 90' lang='lat' dir='ltr'>veniunt:</span> <span class='ocrx_word' id='word_1_238' title='bbox 868 2342 975 2383; x_wconf 89' lang='lat' dir='ltr'>nulli</span> <span class='ocrx_word' id='word_1_239' title='bbox 997 2356 1075 2384; x_wconf 89' lang='lat' dir='ltr'>sua</span> <span class='ocrx_word' id='word_1_240' title='bbox 1098 2343 1253 2384; x_wconf 91' lang='lat' dir='ltr'>mansit</span> <span class='ocrx_word' id='word_1_241' title='bbox 1275 2343 1431 2399; x_wconf 89' lang='lat' dir='ltr'>imago.</span> 
     </span>
     <span class='ocr_line' id='line_1_38' title="bbox 384 2397 1751 2454; baseline 0.005 -15"><span class='ocrx_word' id='word_1_242' title='bbox 384 2404 594 2453; x_wconf 88' lang='lat' dir='ltr'>sparserat</span> <span class='ocrx_word' id='word_1_243' title='bbox 618 2397 818 2440; x_wconf 90' lang='lat' dir='ltr'>occiduus</span> <span class='ocrx_word' id='word_1_244' title='bbox 843 2398 1057 2440; x_wconf 87' lang='lat' dir='ltr'>Tartessia</span> <span class='ocrx_word' id='word_1_245' title='bbox 1078 2398 1200 2441; x_wconf 87' lang='lat' dir='ltr'>litora</span> <span class='ocrx_word' id='word_1_246' title='bbox 1223 2398 1439 2449; x_wconf 87' lang='lat' dir='ltr'>Phoebus,</span> <span class='ocrx_word' id='word_1_247' title='bbox 1574 2410 1751 2454; x_wconf 74' lang='lat' dir='ltr'>(Canens.)</span> 
     </span>
     <span class='ocr_line' id='line_1_39' title="bbox 383 2453 1445 2510; baseline 0.003 -15"><span class='ocrx_word' id='word_1_248' title='bbox 383 2461 424 2496; x_wconf 89' lang='lat' dir='ltr'>et</span> <span class='ocrx_word' id='word_1_249' title='bbox 447 2453 603 2495; x_wconf 86' lang='lat' dir='ltr'>frustra</span> <span class='ocrx_word' id='word_1_250' title='bbox 626 2454 810 2496; x_wconf 88' lang='lat' dir='ltr'>coniunx</span> <span class='ocrx_word' id='word_1_251' title='bbox 834 2454 966 2496; x_wconf 92' lang='lat' dir='ltr'>oculis</span> <span class='ocrx_word' id='word_1_252' title='bbox 992 2455 1217 2510; x_wconf 90' lang='lat' dir='ltr'>animoque</span> <span class='ocrx_word' id='word_1_253' title='bbox 1243 2453 1445 2499; x_wconf 87' lang='lat' dir='ltr'>Canentis</span> 
     </span>
     <span class='ocr_line' id='line_1_40' title="bbox 383 2510 1522 2568; baseline 0.003 -16"><span class='ocrx_word' id='word_1_254' title='bbox 383 2516 628 2566; x_wconf 88' lang='lat' dir='ltr'>expectatus</span> <span class='ocrx_word' id='word_1_255' title='bbox 654 2518 754 2553; x_wconf 90' lang='lat' dir='ltr'>erat.</span> <span class='ocrx_word' id='word_1_256' title='bbox 814 2510 962 2553; x_wconf 88' lang='lat' dir='ltr'>famuli</span> <span class='ocrx_word' id='word_1_257' title='bbox 986 2511 1253 2567; x_wconf 91' lang='lat' dir='ltr'>populusque</span> <span class='ocrx_word' id='word_1_258' title='bbox 1277 2526 1354 2568; x_wconf 90' lang='lat' dir='ltr'>per</span> <span class='ocrx_word' id='word_1_259' title='bbox 1377 2526 1522 2555; x_wconf 86' lang='lat' dir='ltr'>omnes</span> 
     </span>
     <span class='ocr_line' id='line_1_41' title="bbox 383 2566 1459 2624; baseline 0.003 -17"><span class='ocrx_word' id='word_1_260' title='bbox 383 2566 622 2608; x_wconf 88' lang='lat' dir='ltr'>discurrunt</span> <span class='ocrx_word' id='word_1_261' title='bbox 646 2566 772 2608; x_wconf 89' lang='lat' dir='ltr'>silvas</span> <span class='ocrx_word' id='word_1_262' title='bbox 797 2574 924 2622; x_wconf 91' lang='lat' dir='ltr'>atque</span> <span class='ocrx_word' id='word_1_263' title='bbox 949 2567 1074 2609; x_wconf 87' lang='lat' dir='ltr'>obvia</span> <span class='ocrx_word' id='word_1_264' title='bbox 1096 2567 1256 2610; x_wconf 89' lang='lat' dir='ltr'>lumina</span> <span class='ocrx_word' id='word_1_265' title='bbox 1278 2575 1459 2624; x_wconf 88' lang='lat' dir='ltr'>portant.</span> 
     </span>
     <span class='ocr_line' id='line_1_42' title="bbox 291 2623 1500 2690; baseline 0.003 -27"><span class='ocrx_word' id='word_1_266' title='bbox 291 2636 359 2668; x_wconf 85' lang='lat'>420</span> <span class='ocrx_word' id='word_1_267' title='bbox 383 2636 460 2664; x_wconf 93' lang='lat' dir='ltr'>nec</span> <span class='ocrx_word' id='word_1_268' title='bbox 485 2623 585 2664; x_wconf 89' lang='lat' dir='ltr'>satis</span> <span class='ocrx_word' id='word_1_269' title='bbox 611 2630 674 2665; x_wconf 87' lang='lat' dir='ltr'>est</span> <span class='ocrx_word' id='word_1_270' title='bbox 697 2623 909 2679; x_wconf 87' lang='lat' dir='ltr'>nymphae</span> <span class='ocrx_word' id='word_1_271' title='bbox 933 2624 1032 2666; x_wconf 91' lang='lat' dir='ltr'>flere</span> <span class='ocrx_word' id='word_1_272' title='bbox 1057 2630 1099 2666; x_wconf 89' lang='lat' dir='ltr'>et</span> <span class='ocrx_word' id='word_1_273' title='bbox 1121 2623 1305 2667; x_wconf 89' lang='lat' dir='ltr'>lacerare</span> <span class='ocrx_word' id='word_1_274' title='bbox 1329 2624 1500 2690; x_wconf 86' lang='lat' dir='ltr'>capillos</span> 
     </span>
     <span class='ocr_line' id='line_1_43' title="bbox 384 2678 1597 2737; baseline 0.003 -17"><span class='ocrx_word' id='word_1_275' title='bbox 384 2686 425 2720; x_wconf 87' lang='lat' dir='ltr'>et</span> <span class='ocrx_word' id='word_1_276' title='bbox 449 2678 548 2720; x_wconf 89' lang='lat' dir='ltr'>dare</span> <span class='ocrx_word' id='word_1_277' title='bbox 572 2679 840 2735; x_wconf 88' lang='lat' dir='ltr'>plangorem:</span> <span class='ocrx_word' id='word_1_278' title='bbox 866 2679 966 2722; x_wconf 88' lang='lat' dir='ltr'>facit</span> <span class='ocrx_word' id='word_1_279' title='bbox 990 2679 1095 2722; x_wconf 88' lang='lat' dir='ltr'>haec</span> <span class='ocrx_word' id='word_1_280' title='bbox 1118 2686 1259 2723; x_wconf 89' lang='lat' dir='ltr'>tamen</span> <span class='ocrx_word' id='word_1_281' title='bbox 1283 2694 1441 2732; x_wconf 87' lang='lat' dir='ltr'>omma,</span> <span class='ocrx_word' id='word_1_282' title='bbox 1467 2694 1597 2737; x_wconf 89' lang='lat' dir='ltr'>seque</span> 
     </span>
     <span class='ocr_line' id='line_1_44' title="bbox 388 2734 1380 2793; baseline 0.004 -18"><span class='ocrx_word' id='word_1_283' title='bbox 388 2734 563 2789; x_wconf 89' lang='lat' dir='ltr'>proripit</span> <span class='ocrx_word' id='word_1_284' title='bbox 586 2750 635 2777; x_wconf 92' lang='lat' dir='ltr'>ac</span> <span class='ocrx_word' id='word_1_285' title='bbox 659 2735 807 2778; x_wconf 88' lang='lat' dir='ltr'>Latios</span> <span class='ocrx_word' id='word_1_286' title='bbox 832 2743 942 2778; x_wconf 90' lang='lat' dir='ltr'>errat</span> <span class='ocrx_word' id='word_1_287' title='bbox 966 2750 1121 2778; x_wconf 88' lang='lat' dir='ltr'>vesana</span> <span class='ocrx_word' id='word_1_288' title='bbox 1144 2751 1220 2793; x_wconf 91' lang='lat' dir='ltr'>per</span> <span class='ocrx_word' id='word_1_289' title='bbox 1243 2751 1380 2792; x_wconf 86' lang='lat' dir='ltr'>agros.</span> 
     </span>
     <span class='ocr_line' id='line_1_45' title="bbox 389 2791 1353 2843; baseline 0.004 -12"><span class='ocrx_word' id='word_1_290' title='bbox 389 2804 462 2832; x_wconf 86' lang='lat' dir='ltr'>sex</span> <span class='ocrx_word' id='word_1_291' title='bbox 486 2791 600 2832; x_wconf 88' lang='lat' dir='ltr'>illam</span> <span class='ocrx_word' id='word_1_292' title='bbox 624 2802 790 2843; x_wconf 88' lang='lat' dir='ltr'>noctes,</span> <span class='ocrx_word' id='word_1_293' title='bbox 816 2791 990 2835; x_wconf 89' lang='lat' dir='ltr'>totidem</span> <span class='ocrx_word' id='word_1_294' title='bbox 1015 2792 1231 2836; x_wconf 85' lang='lat' dir='ltr'>redeuntia</span> <span class='ocrx_word' id='word_1_295' title='bbox 1256 2792 1353 2835; x_wconf 88' lang='lat' dir='ltr'>solis</span> 
     </span>
    </p>
   </div>
  </div>
 </body>
</html>
