1786 3242
291 272 788 312 METAMORPHOSEON
809 274 906 312 LIB.
934 273 1041 310 XIII.
1067 272 1239 310 31—118.
1368 261 1455 306 215

119 378 125 395 ³
147 378 154 393 ι
173 371 260 399 ··-u1
280 355 437 422 molem
461 355 585 412 clipei
609 356 781 422 tex-ique
804 356 1012 399 iacentem
1480 367 1523 399 75

56 439 58 446 ι
110 435 126 448 2
168 412 328 468 avique
351 427 538 455 ammam
561 412 803 464 (mimmum
827 419 892 456 est
914 411 984 454 hic
1007 411 1167 468 laudis)
1190 410 1383 454 inertem.

56 468 117 515 εἰ
192 476 302 512 rstas
325 475 506 519 certare,
529 469 672 512 locum
695 469 918 512 redeamus
942 469 988 511 in
1010 468 1148 511 illum:

52 484 208 579 ‘teglae
229 525 396 569 hostem
419 525 660 581 vulnusque
683 533 806 568 tuum
830 525 1084 580 solitumque
1107 525 1316 576 timorem,

63 589 175 642 post
197 581 467 639 clipeumque
490 581 575 624 late
600 589 643 625 et
666 596 835 625 mecum
859 582 1066 626 contende
1091 582 1171 624 sub
1194 581 1280 624 illo,

58 646 124 684 :at
143 645 370 738 postquam
394 637 549 694 eripui,
574 638 644 681 cui
667 638 807 681 standi
831 638 1007 681 vulnera
1031 638 1142 681 vires
1479 652 1526 684 80

44 703 163 741 finon
185 695 240 739 de
271 702 410 746 erant,
434 695 552 737 nullo
575 694 766 737 tardatus
790 695 964 738 vulnere
988 694 1112 751 fugit.
1136 718 1195 726 —

50 753 238 803 ,flector
259 751 381 795 adest
404 765 635 806 secumque
660 751 762 794 deos
785 751 831 794 in
853 751 1013 807 proelia
1038 751 1173 802 ducit3

57 817 246 866 {qunque
268 807 371 858 ruit,
394 822 482 851 non
505 815 552 850 tu
575 815 742 850 tantum
764 808 953 858 terreris,
978 807 1122 859 Ulixe,

59 865 152 910 ted
173 865 310 909 fortes
330 864 478 908 etiam:
502 871 668 907 tantum
691 864 820 907 trahit
842 865 912 907 ille
936 864 1112 907 timoris.

44 921 189 978 ghunc
213 935 295 979 ego
319 921 579 978 sanguineae
603 936 802 964 successu
827 921 969 964 caedis
994 929 1193 964 ovantem
1478 935 1523 968 85

3 1010 6 1014 -
43 979 239 1032 seminus
261 977 426 1036 ingenti
447 978 696 1034 resupinum
720 978 907 1035 pondere
929 978 1041 1020 fudi:

51 1042 59 1062 ²
73 1034 189 1081 hunc
212 1050 294 1103 ego
317 1043 584 1092 poscentem,
609 1049 706 1077 cum
730 1049 815 1091 quo
841 1042 1128 1084 concurreret,
1153 1049 1263 1077 unus

9 1119 11 1123 ι
48 1093 56 1151 '3
72 1092 268 1137 sustinui.
327 1099 569 1148 sortemque
592 1107 733 1135 meam
757 1091 951 1142 vovistis,
976 1091 1148 1141 Achivi,

44 1171 46 1173 ·
70 1156 120 1194 et
141 1156 308 1193 vestrae
331 1149 504 1192 valuere
527 1163 688 1205 preces.
749 1149 785 1191 si
807 1148 1009 1203 quaeritis
1034 1148 1159 1190 huius

39 1218 43 1219 ⁷
72 1205 289 1252 fortunam
311 1220 371 1262 pu
433 1220 505 1249 ae:
528 1220 615 1248 non
638 1220 735 1248 sum
758 1213 982 1262 superatus
1007 1205 1062 1247 ab
1085 1206 1170 1247 illo.
1195 1229 1254 1236 —
1479 1220 1524 1252 90

9 1283 16 1289 ‚
50 1297 54 1299 »
72 1277 175 1316 ecce
197 1262 342 1306 ferunt
404 1266 499 1305 roe's
522 1262 768 1317 ferrumque
791 1262 806 1304 i
869 1277 998 1317 esque
1022 1262 1255 1317 Iovemque

6 1327 52 1366 ,ς’
70 1319 119 1364 in
141 1318 318 1362 Danaas
342 1319 512 1363 classes.
570 1319 647 1361 ubi
668 1334 783 1362 nunc
826 1319 1017 1362 acundus
1040 1318 1218 1362 Ulixes?

73 1390 229 1434 nempe
252 1390 334 1433 ego
358 1376 473 1419 mille
495 1390 592 1420 meo
648 1376 784 1419 rotexi
807 1383 978 1432 pectore
1002 1391 1182 1432 puppes,

19 1441 49 1487 «ἒξ-ἓ
70 1447 194 1491 spem
217 1432 348 1476 vestri
370 1433 544 1476 reditus.
635 1440 703 1476 ate
727 1440 789 1475 tot
812 1447 889 1489 pro
913 1433 1094 1475 navibus
1119 1446 1250 1475 arma.
1275 1457 1334 1464 -
1372 1450 1375 1452 ·

70 1489 192 1546 quod
214 1489 251 1532 si
274 1505 376 1533 vera
399 1489 499 1532 licet
521 1489 625 1532 mihi
650 1490 809 1540 dicere,
835 1490 1054 1545 quaeritur
1076 1489 1182 1540 istis,
1477 1504 1522 1537 95

12 1572 14 1574 -
46 1550 50 1591 J
69 1559 204 1602 quam
227 1545 352 1597 mihi,
374 1546 510 1589 maior
533 1546 686 1597 honos,
711 1547 1022 1602 coniunctaque
1045 1546 1182 1603 gloria
1205 1554 1350 1590 nostra
1374 1555 1457 1590 est:

11 1621 15 1624 ·
46 1605 204 1659 latque
226 1603 343 1646 Aiax
366 1603 514 1654 armis,
537 1618 624 1646 non
647 1603 774 1646 Aiaci
797 1619 916 1646 arma
938 1610 1153 1660 petuntur.

46 1701 50 1706 .
70 1659 268 1704 conferat
288 1659 354 1703 his
378 1660 553 1703 Ithacus
577 1660 769 1704 Rhesum
791 1661 1090 1715 imbellemque
1114 1660 1288 1703 Dolona

53 1715 406 1772 ¹Priamidenque
428 1717 646 1760 Helenum
669 1725 791 1773 rapta
816 1732 913 1760 cum
937 1717 1115 1760 Pallade
1141 1716 1332 1774 captum!

43 1806 47 1814 -,
72 1773 169 1818 luce
191 1773 296 1816 nihil
319 1781 508 1830 gestum,
531 1773 637 1816 nihil
661 1782 725 1817 est
749 1774 961 1817 Diomede
985 1782 1161 1817 remoto.
1480 1789 1547 1821 100

12 1836 17 1883 ᾗ
70 1830 112 1883 gi
133 1830 266 1874 semel
289 1830 372 1874 ista
393 1830 504 1873 datis
527 1830 687 1874 meritis
711 1838 799 1873 tam
823 1831 977 1873 vilibus
1002 1846 1134 1881 arma,

42 1906 51 1939 ν;
72 1886 268 1937 dividite,
293 1895 337 1930 et
359 1901 458 1944 pars
482 1886 535 1930 sit
559 1887 696 1931 maior
718 1887 943 1930 Diomedis
966 1888 1011 1930 in
1035 1887 1129 1930 illis.

43 1943 50 1998 J
69 1957 159 2000 quo
182 1951 328 1988 tamen
350 1943 457 1987 haec
481 1943 656 1987 Ithaco?
680 1945 754 2000 qui
778 1945 907 1995 clam,
932 1944 1005 2000 qui
1030 1959 1199 2000 semper
1221 1946 1394 1989 inermis

24 2030 50 2060 ..ψ’
70 2014 164 2044 rem
186 2001 298 2058 gerit
321 2007 364 2044 et
385 2001 509 2044 furtis
532 2001 750 2044 incautum
775 2001 931 2058 decipit
954 2001 1146 2044 hostem?

24 2060 44 2095 fil
70 2057 164 2114 ipse
186 2057 299 2101 nitor
320 2058 470 2115 galeae
494 2057 607 2100 claro
630 2058 834 2100 radiantis
858 2058 913 2100 ab
938 2073 1042 2101 auro
1480 2073 1545 2105 105

22 2095 47 2176 Ξ
70 2113 247 2157 insidias
269 2115 423 2171 prodet
445 2115 818 2170 manifestabitque
841 2115 1054 2158 latentem.

25 2177 40 2214 ἐ
70 2170 150 2214 sed
171 2186 311 2227 neque
334 2170 563 2214 Dulichius
587 2172 669 2214 sub
691 2171 873 2214 Achillis
898 2172 1061 2215 casside
1085 2180 1232 2216 vertex

26 2253 37 2291 ‘²
69 2227 404 2328 Fefflssrisssassta
415 2228 1221 2329 {5555’issss‘ssffisssssssssffiicffls'isque

29 2356 39 2391 ᾔ
69 2355 152 2384 nec
174 2341 356 2408 clipeus,
379 2300 490 2385 &asti
512 2343 700 2386 caelatus
724 2342 909 2399 imagine
934 2319 1110 2393 mundi:
1480 2358 1546 2390 110

15 2402 52 2434 '2¹¹5'
69 2405 295 2442 conveniet
317 2398 491 2442 timidae
514 2406 725 2454 nataeque
750 2399 805 2441 ad
829 2398 944 2442 furta
967 2399 1174 2443 sinistrae.

23 2434 57 2503 ξ
67 2454 390 2507 debilitaturum
412 2456 518 2511 quid
539 2463 582 2499 te
605 2456 734 2512 petis,
758 2456 969 2512 improbe,
994 2457 1174 2499 munus?

23 2508 188 2599 {quod
211 2511 289 2555 tibi
311 2511 348 2554 si
371 2513 518 2569 populi
542 2513 762 2556 donaverit
787 2527 904 2556 error
926 2513 1098 2564 Achivi,

68 2581 149 2611 cur
170 2569 383 2626 spolieris,
408 2569 505 2620 erit,
529 2584 615 2612 non
640 2584 716 2612 cur
738 2569 940 2613 metuaris
965 2570 1019 2612 ab
1044 2570 1164 2614 hoste
1172 2586 1185 2622 ς

30 2621 46 2666 ἶ
67 2627 115 2668 et
136 2624 262 2683 fuga,
287 2639 374 2681 qua
397 2627 488 2669 sola
511 2635 707 2677 cunctos,
732 2627 1016 2677 timidissime,
1041 2627 1189 2678 vincis,
1478 2642 1544 2674 115

69 2681 193 2725 tarda
215 2682 361 2726 futura
384 2682 463 2726 tibi
485 2692 549 2726 est
572 2684 810 2740 gestamina
834 2691 952 2727 tanta
976 2683 1171 2727 trahenti.

31 2734 180 2796 {adde
203 2738 320 2795 quod
342 2739 422 2783 iste
445 2746 565 2791 tuus,
589 2748 676 2783 tam
700 2755 796 2784 raro
820 2741 980 2798 proelia
1002 2756 1168 2797 passus,

18 2792 236 2859 integer
259 2803 322 2840 est
347 2796 526 2854 clipeus3
552 2805 709 2848 nostro,
734 2797 808 2854 qui
833 2797 916 2841 tela
940 2797 1115 2842 ferendo

28 2886 59 2935 2:⁶5,
