1786 3242
287 465 354 496 440

287 745 354 777 445

286 1025 354 1058 450

286 1305 352 1337 455

286 1586 354 1619 460

286 1868 352 1900 465

284 2150 351 2181 470

283 2431 349 2462 475

283 2712 349 2744 480

380 250 462 293 116
818 258 863 292 Ρ.
891 256 1056 294 OVIDII
1079 255 1296 294 NASONIS

377 340 482 382 vidit
507 346 549 382 et
571 337 775 380 immitem
800 336 1023 393 Cephisias
1047 351 1121 378 ora
1143 336 1413 387 Procrusten,

379 394 609 450 Cercyonis
634 394 765 436 letum
788 393 894 435 vidit
919 391 1107 435 Cerealis
1130 391 1320 435 Eleusin.

378 451 530 493 occidit
552 450 622 492 ille
648 448 781 499 Sinis,
805 449 971 505 magnis
995 449 1104 491 male
1129 448 1286 491 viribus
1311 465 1426 501 usus,

379 507 451 561 qui
475 512 640 562 poterat
664 520 839 547 curvare
862 505 1002 547 trabes
1027 512 1068 547 et
1092 504 1246 560 agebat
1269 505 1324 548 ab
1349 506 1433 549 alto

378 563 433 604 ad
456 569 610 605 terram
633 562 717 604 late
741 576 958 617 sparsuras
983 575 1159 616 corpora
1182 561 1320 617 pinus.

376 625 492 661 tutus
516 618 571 661 ad
593 617 851 667 Alcathoen,
876 617 1081 674 Lelegeia
1105 617 1290 668 moenia,
1314 617 1434 661 limes

377 674 607 731 composito
633 673 808 717 Scirone
830 681 966 730 patet,
990 672 1229 729 sparsisque
1251 673 1423 716 latronis

378 738 489 773 terra
512 738 639 787 negat
664 731 826 781 sedem,
850 730 993 773 sedem
1016 736 1143 785 negat
1168 729 1333 772 ossibus
1356 729 1490 781 unda3

377 802 486 842 quae
509 787 663 829 iactata
686 787 759 828 diu
782 787 915 829 fertur
939 786 1111 828 durasse
1134 793 1322 828 vetustas

377 844 422 885 in
447 844 660 899 scopulos:
686 843 868 899 scopulis
892 857 1046 885 nomen
1072 841 1258 885 Scironis
1281 841 1484 886 inhaeret.

378 900 414 941 si
437 899 579 942 titulos
603 913 820 954 annosque
843 906 937 941 tuos
961 913 1183 941 numerare
1207 899 1399 950 velimus,

376 956 490 998 facta
514 955 705 1012 prement
728 970 874 998 annos.
933 969 1008 1011 pro
1033 963 1094 1004 te,
1118 955 1365 1006 fortissime,
1390 962 1490 999 vota

376 1012 546 1068 publica
569 1011 838 1067 suscipimus,
862 1011 1023 1053 Bacchi
1048 1011 1124 1053 tibi
1149 1011 1352 1054 sumimus
1375 1011 1580 1056 haustus.’

378 1075 579 1110 consonat
603 1083 777 1110 assensu
800 1068 946 1123 populi
969 1067 1249 1124 precibusque
1272 1067 1492 1111 faventum

376 1125 513 1180 regia,
537 1138 616 1167 nec
639 1131 729 1167 tota
751 1124 879 1166 tristis
903 1125 1020 1166 locus
1045 1124 1156 1166 ullus
1180 1124 1225 1166 in
1248 1124 1353 1167 urbe
1377 1133 1454 1168 est.
1784 1175 1786 1177 ¹

433 1181 476 1222 N
477 1195 525 1223 ec
548 1188 688 1222 tamen
712 1179 866 1235 (usque
890 1180 995 1223 adeo
1013 1180 1130 1222 nulla
1149 1187 1212 1223 est
1236 1180 1398 1223 sincera.
1420 1181 1629 1238 voluptas,
1669 1182 1742 1217 Μῖ-

378 1237 684 1291 sollicitumque
708 1237 867 1291 aliquid
890 1237 1008 1279 laetis
1031 1237 1274 1293 intervenit)
1298 1237 1474 1294 Aegeus
1520 1248 1527 1254 ”
1662 1238 1739 1262 '⁸⁰⁸⁶

377 1293 534 1348 gaudia
556 1292 744 1348 percepit
767 1300 866 1335 nato
892 1306 1039 1335 secura
1062 1300 1244 1349 recepto.

377 1349 487 1391 bella
511 1356 633 1405 parat
655 1349 811 1391 Minos.
871 1349 943 1404 qui
966 1363 1224 1403 quamquam
1247 1349 1398 1400 milite,
1422 1365 1682 1407 quamquam

378 1405 510 1448 classe
535 1406 666 1455 valet,
691 1405 826 1461 patria
849 1412 991 1448 tamen
1016 1413 1080 1448 est
1102 1405 1364 1448 firmissimus
1388 1406 1451 1449 ira

377 1462 682 1518 Androgeique
706 1476 854 1504 necem
877 1462 997 1504 iustis
1021 1462 1236 1503 ulciscitur
1259 1461 1399 1506 armis.

378 1525 475 1560 ante
498 1525 639 1560 tamen
663 1518 773 1560 bello
798 1518 906 1560 vires
931 1518 1113 1572 adquirit
1138 1518 1308 1568 amicas,

377 1588 544 1629 quaque
568 1581 716 1630 potens
740 1574 928 1624 habitus,
952 1574 1113 1616 volucri
1136 1574 1244 1617 freta
1268 1575 1400 1618 classe
1423 1584 1624 1631 pererrat.

376 1630 475 1673 hinc
499 1631 712 1686 Anaphen
737 1631 817 1672 sibi
839 1631 977 1687 iungit
1002 1638 1043 1674 et
1067 1631 1317 1687 Astypaleia
1339 1646 1484 1688 regna,

376 1687 591 1742 promissis
615 1687 846 1743 Anaphen,
870 1702 1002 1743 regna
1024 1688 1275 1743 Astypaleia
1298 1687 1428 1730 bello:

376 1743 475 1785 hinc
498 1743 699 1786 humilem
725 1744 959 1799 Myconum
984 1751 1228 1797 cretosaque
1252 1759 1351 1786 rura
1375 1743 1531 1788 Cimoli

375 1799 677 1854 florentemque
703 1800 860 1855 Syron,
888 1798 1105 1855 Cythnum
1128 1801 1382 1855 planamque
1407 1799 1632 1858 Seriphon,

377 1870 737 1911 marmoreamque
761 1856 923 1906 Paron,
948 1870 1161 1910 quamque
1183 1857 1314 1912 impia
1336 1857 1521 1912 prodidit
1542 1859 1662 1902 Arne

378 1911 570 1967 Siphnon
594 1920 636 1954 et
659 1920 851 1968 accepto,
876 1913 991 1967 quod
1015 1927 1142 1954 avara
1164 1921 1432 1968 poposcerat,
1457 1929 1560 1957 auro

376 1975 537 2010 mutata
561 1976 624 2010 est
646 1968 690 2010 in
715 1984 850 2019 avem,
875 1983 984 2023 quae
1007 1983 1120 2010 nunc
1143 1983 1312 2024 quoque
1336 1969 1471 2026 diligit
1494 1986 1658 2023 aurum,

375 2024 498 2080 nigra
520 2026 668 2080 pedes,
693 2025 825 2080 nigris
849 2026 988 2067 velata
1010 2026 1235 2068 monedula
1258 2025 1420 2081 pennis.

376 2088 420 2123 at
443 2095 527 2122 non
553 2080 725 2123 Oliarus
750 2082 1047 2137 Didymaeque
1071 2089 1112 2124 et
1136 2082 1280 2124 Tenus
1304 2089 1346 2124 et
1367 2083 1543 2126 Andrus

375 2145 416 2179 et
442 2136 612 2192 Gyarus
636 2138 877 2192 nitidaeque
901 2138 1021 2180 ferax
1044 2137 1308 2194 Peparethus
1332 2138 1468 2182 olivae

377 2192 610 2236 Gnosiacas
634 2194 777 2236 iuvere
800 2203 924 2236 rates.
982 2195 1111 2236 latere
1135 2195 1233 2237 inde
1256 2194 1424 2237 sinistro

377 2249 616 2305 Oenopiam
640 2251 783 2292 Minos
808 2251 930 2307 petit,
956 2251 1186 2293 Aeacideia
1208 2266 1358 2307 regna:

375 2304 614 2361 Oenopiam
639 2314 801 2349 veteres
826 2308 1109 2363 appellavere,
1134 2307 1210 2349 sed
1231 2307 1323 2363 ipse

373 2363 544 2405 Aeacus
568 2363 782 2419 Aeginam
806 2363 1029 2419 genetricis
1054 2363 1223 2406 nomine
1247 2363 1367 2406 dixit.

373 2419 499 2460 turba
521 2419 605 2461 ruit
627 2427 851 2475 tantaeque
875 2420 1013 2461 virum
1037 2434 1290 2476 cognoscere
1313 2419 1452 2463 famae

374 2475 545 2530 expetit.
604 2483 829 2518 occurrunt
850 2476 912 2517 illi
934 2477 1241 2530 Telamonque,
1266 2476 1485 2531 minorque

373 2546 501 2585 quam
524 2532 730 2574 Telamon
753 2533 929 2583 Peleus,
954 2540 994 2575 et
1017 2533 1156 2588 proles
1180 2533 1304 2575 tertia
1325 2533 1511 2576 Phocus.

372 2587 462 2643 ipse
486 2602 654 2642 quoque
678 2589 892 2644 egreditur
914 2589 1059 2631 tardus
1082 2589 1289 2645 gravitate
1313 2589 1434 2632 senili

372 2645 544 2685 Aeacus
569 2652 623 2694 et,
648 2659 756 2699 quae
781 2646 834 2687 sit
858 2645 1052 2688 veniendi
1077 2660 1226 2695 causa,
1250 2645 1437 2701 requirit.

373 2700 611 2742 admonitus
634 2702 758 2756 patrii
780 2702 919 2744 luctus
945 2701 1143 2757 suspirat,
1169 2708 1210 2744 et
1232 2701 1293 2744 illi

374 2756 486 2798 dicta
508 2757 636 2799 refert
659 2766 796 2801 rector
817 2759 1070 2814 populorum
1093 2758 1194 2801 talia
1217 2764 1404 2802 eentum:
