1786 3242
299 579 364 611 650

298 860 363 892 655

297 1141 364 1173 660

297 1421 362 1453 665

297 1703 363 1734 670

296 1983 362 2015 675

296 2264 363 2296 680

295 2547 360 2579 685

294 2813 363 2859 '090

389 307 473 350 228
834 315 878 350 Ρ.
904 314 1070 351 OVIDII
1093 313 1308 351 NASONIS

389 396 618 439 auxilium?
641 409 768 450 quem
792 395 905 438 dicta
928 409 1004 437 suo
1030 394 1082 437 de
1105 395 1274 438 nomine
1298 379 1421 438 tellus

387 452 560 495 Andros
583 452 712 495 habet
734 466 811 508 pro
835 458 955 507 patre
978 451 1203 505 locumque
1227 458 1269 494 et
1291 466 1424 507 regna
1447 458 1673 496 tenentem.

387 508 540 551 Delius
564 508 789 564 auguiium
813 507 929 550 dedit
951 507 1061 549 huic.
1121 507 1236 550 dedit
1259 508 1390 550 altera
1413 507 1546 552 Liber

387 564 595 608 femineae
618 544 738 620 stirpi
760 571 858 606 voto
881 564 1042 606 maiora
1063 563 1232 618 fideque

387 635 575 664 munera.
633 636 731 662 nam
755 627 871 663 tactu
893 627 1088 662 natarum
1111 627 1264 662 cuncta
1286 634 1477 663 mearum

387 677 431 719 in
455 684 642 733 segetem
664 677 915 731 laticemque
939 676 1044 718 meri
1066 675 1302 731 bacamque
1324 677 1546 722 Minervae

387 733 808 783 transformabantur,
833 733 1034 787 divesque
1059 741 1148 775 erat
1171 747 1272 775 usus
1295 732 1340 774 in
1363 732 1459 776 illis.

387 789 467 833 hoc
490 789 566 832 ubi
589 790 787 846 cognovit
809 789 963 832 Troiae
987 789 1210 854 populator
1232 788 1420 840 Atrides,

387 861 441 889 ne
464 860 549 889 non
573 861 626 889 ex
640 824 792 900 aliqua
816 853 998 888 vestram
1023 845 1202 887 sensisse
1225 845 1451 912 procellam

387 918 464 945 nos
489 916 659 957 quoque
683 909 802 968 parte
825 909 967 958 putes,
991 916 1203 943 armorum
1226 901 1386 944 viribus
1407 917 1511 946 usus

389 958 594 1001 abstrahit
615 959 768 1001 invitas
792 959 953 1014 gremio
976 958 1197 1024 genitoris,
1220 958 1432 1013 alantque,

387 1015 582 1071 imperat,
605 1015 852 1071 Argolicam
876 1014 1043 1057 caelesti
1066 1029 1239 1057 munere
1263 1015 1453 1057 classem.

388 1071 598 1127 effugiunt
620 1085 704 1126 quo
728 1085 921 1125 quaeque
945 1078 1100 1127 potest.
1125 1069 1305 1113 Euboea
1327 1071 1507 1122 duabus,

389 1135 428 1171 et
453 1128 628 1170 totidem
649 1127 760 1170 natis
783 1128 955 1169 Andros
978 1127 1162 1170 fraterna
1185 1127 1315 1183 petita
1338 1135 1414 1170 est.

388 1183 507 1226 miles
532 1183 652 1226 adest
675 1191 736 1234 et,
760 1183 804 1225 ni
828 1184 1047 1234 dedantur,
1071 1184 1182 1226 bella
1206 1184 1401 1227 minatur.

388 1240 501 1282 victa
524 1247 639 1282 metu
661 1240 797 1306 pietas
821 1240 1030 1282 consortia
1052 1248 1224 1295 pectora
1246 1255 1408 1296 poenae

387 1295 560 1339 dedidit.
619 1303 661 1339 et
683 1295 830 1338 timido
854 1297 1000 1362 possis
1013 1296 1230 1352 ignoscere
1252 1297 1390 1340 fratri·

386 1367 472 1394 non
494 1352 563 1394 hic
587 1352 777 1402 Aeneas,
801 1367 905 1402 non,
930 1352 1003 1407 qui
1026 1353 1270 1396 defenderet
1292 1353 1484 1420 Andron,

387 1409 550 1451 Hector
574 1416 682 1459 erat,
706 1423 781 1463 per
803 1423 909 1463 quos
935 1409 1146 1451 decimum
1169 1409 1385 1452 durastis
1373 1426 1418 1452 m
1441 1426 1612 1454 annum.

386 1465 555 1520 iamque
579 1465 837 1520 parabantur
861 1464 1037 1521 captivis
1061 1465 1200 1507 vincla
1222 1465 1407 1508 lacertis:

386 1521 482 1563 illae
508 1521 700 1564 tollentes
725 1521 956 1563 etiamnum
979 1521 1111 1563 libera
1134 1522 1250 1564 caelo

387 1577 619 1619 bracchia‘
623 1577 812 1620 ‘Bacche
836 1586 968 1633 pater,
992 1577 1057 1620 fer
1081 1578 1256 1633 opeml’'
1282 1578 1438 1621 dixere.
1496 1578 1677 1635 tulitque

387 1633 573 1676 muneris
597 1641 744 1676 auctor
766 1649 910 1689 opem:
935 1634 971 1676 si
996 1634 1100 1675 miro
1124 1634 1299 1689 perdere
1322 1649 1439 1678 more

386 1690 496 1733 ferre
521 1697 695 1732 vocatur
719 1705 855 1756 opem.
914 1705 993 1733 nec
1017 1704 1102 1745 qua
1124 1690 1286 1734 ratione
1309 1691 1490 1747 figuram

385 1746 663 1802 perdiderint,
687 1746 806 1802 potui
829 1746 935 1788 scire
960 1754 1033 1788 aut
1055 1761 1168 1788 nunc
1192 1725 1366 1789 dicere⁰
1352 1761 1544 1803 possum;

388 1818 553 1845 summa
576 1802 676 1844 mali
699 1809 799 1844 nota
822 1809 903 1845 est:
929 1817 1089 1868 pennas
1114 1818 1330 1858 sumpsere
1353 1811 1535 1858 tuaeque

387 1859 577 1914 coniugis
601 1858 644 1900 in
668 1860 879 1903 volucres,
903 1859 1048 1900 niveas
1073 1858 1213 1901 abiere
1238 1859 1482 1902 columbas!

443 1915 620 1957 Talibus
644 1922 769 1969 atque
793 1905 886 1957 aliis
910 1922 1133 1970 postquam
1157 1915 1350 1957 convivia
1373 1915 1495 1958 dictis
1601 1927 1751 1962 Aeneas.

386 1971 634 2027 implerunt,
657 1986 803 2013 mensa
827 1986 1020 2013 somnum
1045 1971 1200 2027 petiere
1224 1979 1397 2014 remota.

387 2041 568 2081 cumque
593 2027 660 2070 die
684 2034 864 2083 surgunt
887 2027 1126 2082 adeuntque
1150 2028 1320 2070 oracula
1342 2028 1527 2072 Phoebi:

387 2084 460 2138 qui
483 2090 626 2139 petere
650 2083 866 2138 antiquam
890 2091 1068 2126 matrem
1092 2091 1356 2139 cognataque
1378 2084 1500 2127 iussit

385 2140 521 2182 litora.
580 2140 848 2195 prosequitur
871 2155 946 2182 rex
969 2147 1012 2182 et
1035 2140 1108 2182 dat
1131 2155 1285 2182 munus
1308 2141 1442 2191 ituris,

385 2195 601 2238 Anchisae
626 2204 858 2252 sceptrum,
883 2196 1147 2251 chlamydem
1170 2196 1493 2252 pharetramque
1516 2198 1675 2255 nepoti,

387 2259 593 2295 crateram
616 2252 810 2303 Aeneae,
835 2267 963 2306 quam
988 2253 1202 2307 quondam
1226 2253 1396 2296 miserat
1417 2253 1479 2296 illi

385 2309 539 2374 hospes
563 2308 617 2350 ab
641 2309 792 2351 Aoniis
817 2309 1000 2351 Therses
1024 2309 1232 2351 Ismenius
1256 2309 1352 2352 oris.

386 2365 558 2407 miserat
580 2365 690 2407 hanc
712 2365 773 2407 illi
797 2365 1000 2415 Therses,
1025 2365 1304 2408 fabricaverat
1326 2366 1467 2409 Alcon

390 2421 559 2476 Hyleus
585 2428 626 2464 et
649 2421 777 2477 longo
802 2422 1038 2464 caelaverat
1062 2429 1324 2477 argumento.

385 2478 488 2520 urbs
514 2485 622 2528 erat,
648 2484 689 2520 et
694 2485 874 2543 septem
897 2493 1042 2533 posses
1068 2478 1288 2521 ostendere
1311 2486 1471 2534 portas:

385 2533 466 2576 hae
491 2548 567 2590 pro
591 2534 761 2576 nomine
787 2542 906 2576 erant
929 2542 989 2584 et,
1014 2549 1123 2588 quae
1145 2534 1256 2577 foret
1278 2535 1368 2584 illa,
1393 2535 1613 2578 docebant.

386 2597 484 2632 ante
508 2590 658 2632 urbem
683 2590 886 2645 exequiae
910 2591 1179 2645 tumulique'
1167 2605 1372 2646 lgnesque
1394 2591 1572 2647 rogique

387 2646 632 2700 effusaeque
658 2661 799 2688 comas
824 2654 865 2688 et
889 2654 1058 2702 apertae
1081 2654 1252 2703 pectora
1274 2654 1429 2690 matres

387 2702 625 2767 significant
648 2703 828 2753 luctum3
853 2703 1065 2758 nymphae
1089 2717 1259 2757 quoque
1282 2704 1382 2746 flere
1406 2703 1603 2747 videntur

388 2758 648 2812 siccatosque
673 2759 791 2813 queri
815 2735 973 2809 i'ontes3
999 2759 1088 2801 sine
1111 2759 1331 2801 frondibus
1355 2759 1480 2802 arbor

387 2814 502 2857 nuda
525 2815 653 2870 riget3
679 2815 832 2858 rodunt
857 2815 1016 2858 arentia
1040 2830 1142 2858 saxa
1166 2815 1364 2872 capellae.
