1786 3242
244 469 312 502 365

339 254 422 296 154
779 263 823 298 P.
850 262 1016 299 OVIDII
1039 261 1254 299 NASONIS

336 358 433 387 ecce
457 344 522 386 vir
543 343 820 386 Andraemon
843 343 1091 398 genitorque
1115 343 1373 387 miserrimus
1396 345 1550 388 adsunt

337 408 379 442 et
402 407 610 454 quaerunt
633 399 858 455 Dryopen:
884 399 1090 455 Dryopen
1113 400 1410 455 quaerentibus
1433 401 1514 444 illis

337 456 501 498 ostendi
523 456 653 498 loton.
713 455 854 510 tepido
879 456 980 497 dant
1003 456 1147 498 oscula
1169 457 1284 512 ligno

336 511 560 566 adfusique
585 526 686 554 suae
710 511 921 554 radicibus
945 511 1105 554 arboris
1130 512 1315 555 haerent.

335 568 395 610 nil
419 567 500 610 nisi
521 567 606 610 iam
628 568 800 618 faciem,
826 568 941 623 quod
963 582 1049 610 non
1071 569 1179 611 foret
1203 569 1341 619 arbor,
1364 569 1566 620 habebas,

337 639 434 667 cara
458 639 587 666 soror.
647 624 843 666 lacrimae
867 624 1020 667 misero
1045 624 1097 667 de
1122 639 1295 681 corpore
1319 625 1441 668 factis

335 681 519 722 inrorant
544 680 674 730 foliis3
700 695 749 722 ac
774 681 875 722 dum
898 680 1007 730 licet,
1032 695 1189 736 oraque
1212 689 1426 737 praestant
1487 712 1490 715 -

244 751 313 783 370
337 737 451 779 vocis
474 737 566 786 iter,
591 737 695 779 tales
721 736 900 779 effundit
923 737 967 778 in
991 741 1089 779 ae'ra
1112 746 1304 792 questus:

243 1032 311 1064 3⁷5

336 793 406 836 “si
429 807 514 848 qua
537 793 641 836 fides
665 793 846 844 miseris,
870 793 951 835 hoc
974 808 1042 835 me
1067 808 1142 850 per
1164 794 1339 836 numina
1361 794 1453 837 iuro

334 864 420 892 non
442 850 645 893 meruisse
669 850 807 892 nefas:
831 850 968 906 patior
991 850 1080 892 sine
1104 850 1275 893 crimine
1298 866 1491 906 poenam.

336 906 518 948 viximus
541 906 761 949 innocuae.
821 906 856 948 si
880 906 1070 956 mentior,
1095 907 1212 949 arida
1235 907 1409 963 perdam

336 977 442 1017 quas
465 962 601 1006 habeo
625 963 815 1013 frondes,
842 970 883 1005 et
906 977 1028 1005 caesa
1052 963 1268 1005 securibus
1292 979 1403 1006 urar.

335 1019 448 1061 hunc
472 1027 613 1062 tamen
635 1019 838 1061 infantem
864 1020 1060 1062 maternis
1085 1020 1238 1062 demite
1261 1020 1387 1062 ramis

337 1082 378 1118 et
403 1075 500 1118 date
524 1076 698 1126 nutrici,
722 1083 949 1130 nostraque
973 1076 1052 1118 sub
1077 1076 1226 1118 arbore
1250 1091 1376 1132 saepe

335 1132 400 1174 lac
424 1131 594 1174 facitote
618 1132 754 1181 bibat,
779 1142 1005 1186 nostraque
1029 1132 1109 1174 sub
1133 1132 1283 1175 arbore
1306 1133 1436 1175 ludat.

335 1201 517 1242 cumque
539 1188 654 1241 loqui
677 1188 848 1244 poterit,
872 1196 1047 1231 matrem
1070 1189 1239 1232 facitote
1263 1190 1415 1232 salutet

336 1252 378 1286 et
401 1244 529 1286 tristis
555 1244 666 1286 dicat
691 1245 841 1286 “‘latet
863 1244 944 1287 hoc
966 1245 1008 1286 in
1034 1245 1174 1301 stipite
1198 1245 1386 1288 mater.'’'

243 1314 313 1347 380
337 1308 487 1342 stawna
509 1307 651 1342 tamen
675 1301 819 1343 timeat
842 1315 920 1343 nec
943 1309 1088 1356 carpat
1111 1302 1165 1343 ab
1190 1302 1338 1344 arbore
1361 1302 1483 1345 fiores

243 1596 310 1628 385

242 1877 311 1909 390

241 2158 308 2189 395

238 2439 308 2471 400

240 2720 308 2751 405

336 1364 378 1399 et
419 1356 573 1399 rutices
598 1371 743 1399 omnes
769 1371 920 1412 corpus
944 1365 1064 1413 putet
1087 1372 1178 1401 esse
1203 1358 1390 1400 dearum.

336 1427 431 1455 care
456 1413 550 1455 vale
574 1413 778 1463 coniunx,
803 1420 846 1455 et
868 1421 914 1455 tu
939 1428 1158 1469 germana,
1184 1414 1407 1470 paterque!

335 1469 428 1523 qui,
453 1469 488 1511 si
512 1483 597 1523 qua
621 1477 682 1511 est
708 1470 860 1525 pietas,
886 1470 939 1511 ab
962 1480 1111 1512 acutae
1135 1471 1308 1513 vulnere
1331 1470 1464 1522 falcis,

336 1541 361 1567 a
385 1526 547 1581 pecoris
578 1540 721 1567 morsu
746 1525 918 1567 frondes
944 1526 1156 1569 defendite
1179 1535 1356 1569 nostras.
1403 1578 1407 1582 δ

336 1590 378 1624 et
401 1582 598 1636 quoniam
624 1582 728 1623 mihi
751 1582 816 1624 fas
840 1582 894 1623 ad
919 1597 994 1624 vos
1017 1582 1260 1626 incumbere
1283 1598 1369 1625 non
1393 1590 1470 1634 est,

335 1638 482 1694 erigite
506 1638 590 1680 huc
613 1650 728 1680 artus
753 1646 795 1681 et
819 1638 873 1680 ad
897 1639 1040 1681 oscula
1062 1646 1204 1681 nostra
1228 1640 1380 1690 venite,

335 1695 437 1736 dum
463 1694 579 1750 tangi
604 1709 791 1750 possum,
815 1709 1078 1751 parvumque
1102 1696 1275 1738 attollite
1299 1704 1458 1738 natum.

334 1752 457 1807 plura
479 1751 594 1805 loqui
618 1765 801 1805 nequeo3
825 1766 924 1792 nam
947 1751 1031 1793 iam
1056 1767 1132 1807 per
1155 1752 1334 1794 candida
1356 1753 1491 1795 mollis

335 1808 442 1849 colla
465 1807 571 1849 liber
595 1808 741 1863 serpit,
767 1822 1015 1862 summoque
1041 1808 1257 1851 cacumine
1282 1809 1450 1851 condor.

336 1879 387 1906 ex
412 1863 542 1905 oculis
566 1872 777 1906 removete
802 1879 971 1905 manus:
998 1864 1087 1907 sine
1110 1879 1284 1907 munere
1309 1872 1447 1907 vestro

335 1926 532 1975 contegat
553 1920 751 1962 inductus
775 1920 995 1962 morientia
1018 1921 1177 1962 lumina
1201 1921 1384 1963 cortex.''

335 1976 545 2018 desierant
568 1976 692 2017 simul
717 1990 790 2018 ora
812 1977 947 2030 loqui,
972 1977 1095 2018 simul
1120 1992 1230 2019 esse:
1256 1977 1412 2032 diuque

335 2046 508 2087 corpore
530 2039 690 2074 mutato
715 2032 821 2074 rami
845 2033 1011 2075 caluere
1034 2033 1248 2076 recentes.'

389 2088 594 2143 Dumque
617 2088 746 2130 refert
769 2089 859 2130 Iole
883 2089 1041 2131 factum
1066 2090 1270 2139 mirabile,
1295 2090 1482 2145 dumque
1564 2101 1696 2136 Iolaus.

333 2143 565 2200 Eurytidos
588 2145 781 2187 lacrimas
806 2145 974 2187 admoto
998 2146 1149 2201 pollice
1173 2146 1303 2188 siccat

332 2201 539 2243 Alcmene
563 2200 653 2255 (fiet
679 2209 720 2243 et
743 2201 835 2257 ipsa
858 2204 1032 2257 tamen),
1058 2203 1316 2258 compescuit
1339 2217 1508 2245 omnem

332 2273 399 2299 res
423 2272 534 2299 nova
557 2257 780 2299 tristitiam.
838 2273 939 2299 nam
962 2258 1105 2301 limine
1130 2259 1315 2301 constitit
1329 2259 1421 2306 ‚alto

332 2328 467 2369 paene
491 2329 597 2369 puer
621 2314 833 2368 dubiaque
857 2322 1005 2370 tegens
1029 2315 1228 2370 lanugine
1252 2315 1398 2366 malas,

333 2384 406 2411 ora
429 2370 680 2412 reformatus
704 2371 862 2426 primos
886 2371 1028 2413 Iolaus
1052 2373 1096 2412 in
1120 2385 1265 2413 annos.

332 2425 411 2468 hoc
434 2425 492 2468 illi
519 2426 691 2468 dederat
713 2427 894 2469 Iunonia
918 2428 1102 2469 muneris
1126 2428 1264 2477 Hebe,

331 2482 443 2524 victa
466 2482 546 2524 viri
570 2482 779 2538 precibus.
839 2497 948 2538 quae
973 2498 1070 2525 cum
1092 2483 1230 2526 iurare
1254 2491 1433 2539 pararet,

332 2538 443 2580 dona
466 2539 716 2581 tributuram
740 2546 835 2595 post
858 2539 971 2581 hunc
995 2555 1040 2582 se
1064 2540 1164 2581 talia
1186 2540 1304 2590 nulli,
1620 2580 1625 2583 ,

331 2609 415 2636 non
430 2602 494 2637 est
506 2609 632 2650 passa
644 2595 832 2637 Themis.
870 2601 987 2637 ‘nam
999 2596 1084 2637 iam
1097 2596 1304 2638 discordia
1316 2596 1490 2640 Thebae
1506 2596 1697 2650 Callirhga

331 2650 443 2692 bella
460 2651 648 2693 movent’
675 2651 793 2702 dixit,
819 2650 1149 2709 ‘Capaneusque
1170 2652 1250 2694 nisi
1268 2653 1322 2694 ab
1335 2653 1438 2695 Iove
1456 2653 1568 2696 vinci
1588 2642 1664 2686 filu.

333 2706 447 2748 haud
470 2708 642 2762 poterit3
667 2707 851 2761 fientque
875 2723 997 2764 pares
1021 2708 1065 2750 in
1089 2709 1262 2751 vulnere
1287 2709 1456 2759 fratres3

330 2762 621 2818 subductaque
646 2778 743 2805 suos
768 2764 920 2808 Manes
946 2764 1093 2807 tellure
1118 2764 1277 2807 videbit
