1786 3242
259 480 349 529 ⁴2³0

306 759 348 791 35

304 1041 350 1073 40

304 1322 348 1353 45

305 1605 350 1636 50

305 1887 347 1918 55

306 2166 349 2198 60

307 2447 348 2478 65

309 2728 352 2758 70

372 266 457 309 236
817 272 860 307 Ρ.
887 271 1052 308 OVIDII
1076 269 1293 308 NASONIS

372 355 473 399 talia
496 355 625 398 verba
648 354 793 397 refert:
819 352 987 394 ‘melius
1012 366 1233 406 sequerere
1258 351 1466 394 volentem

373 418 670 467 optantemque
695 410 842 452 eadem
866 408 1071 464 parilique
1095 407 1290 464 cupidine
1314 415 1493 474 captam.

374 469 526 524 dignus
550 482 642 509 eras
664 467 774 508 ultro
797 464 983 521 (poteras
1007 464 1222 520 certeque)
1245 478 1403 520 rogan:

372 532 433 574 et,
459 524 494 566 si
517 537 635 578 spem
660 521 823 564 dederis
846 544 905 551 —
926 520 1029 562 mihi
1053 521 1176 563 crede
1199 544 1269 571 —,
1292 520 1508 576 rogaberis
1531 520 1658 564 ultro.

371 595 455 623 neu
479 579 645 622 dubites
670 578 862 632 absitque
886 584 983 619 tuae
1006 577 1162 619 fiducia
1184 576 1364 619 formae:

372 652 425 680 en
450 651 544 701 ego,
569 650 665 678 cum
690 634 770 677 dea
793 634 891 684 sim,
915 633 1034 675 nitidi
1060 648 1157 676 cum
1179 633 1266 676 filia
1277 632 1416 683 (Solis,

373 707 555 735 carmine
580 706 677 734 cum
700 698 883 740 tantum,
907 697 1071 732 tantum
1095 703 1263 744 quoque
1286 689 1477 745 gramine
1498 689 1673 746 possim,

373 757 421 791 ut
444 756 517 790 tua
541 748 640 798 sim,
664 762 811 789 voveo.
872 753 1137 802 spernentem
1161 761 1330 802 sperne3
1355 746 1548 801 sequenti

372 805 501 848 redde
525 805 657 855 vices3
682 818 852 858 unoque
876 803 981 844 duas
1005 802 1206 845 ulciscere
1229 801 1370 844 facto?
1425 807 1428 810 ’

372 862 472 904 talia
494 860 715 917 temptanti
739 859 892 915 ‘prius’
917 859 1052 913 inquit
1076 859 1138 900 ‘in
1162 872 1344 913 aequore
1367 857 1556 902 frondes'

375 917 566 961 Glaucus
591 922 603 941 ‘
611 925 653 959 et.
675 917 719 958 in
743 915 918 958 summis
942 923 1167 957 nascentur
1189 914 1404 957 montibus
1427 915 1566 971 algae,

374 974 530 1030 sospite
554 988 682 1028 quam
707 971 851 1028 Scylla
873 972 1004 1013 nostri
1028 978 1243 1014 mutentur
1266 971 1455 1014 amores?

373 1031 591 1086 indignata
615 1030 694 1071 dea
718 1037 794 1071 est.
854 1036 894 1070 et
917 1028 1084 1070 laedere
1108 1035 1316 1082 quatenus
1339 1027 1480 1093 ipsum

372 1102 456 1129 non
479 1092 644 1142 poterat
666 1085 764 1139 (nec
787 1085 913 1127 vellet
937 1085 1116 1138 amans),
1139 1084 1331 1126 irascitur
1354 1083 1429 1134 illi,

374 1158 483 1198 quae
507 1142 586 1184 sibi
609 1142 797 1197 praelata
820 1149 896 1183 est.
954 1141 1216 1195 Venerisque
1240 1140 1403 1183 offensa
1424 1140 1608 1196 repulsa,

371 1199 562 1255 protinus
584 1197 802 1240 horrendis
825 1197 1000 1239 infamia
1022 1197 1180 1252 pabula
1203 1197 1315 1239 sucis

374 1255 549 1297 conterit
574 1261 614 1296 et
638 1254 743 1295 tritis
768 1255 975 1296 Hecateia
997 1253 1189 1309 gramina
1211 1253 1373 1303 miscet,

375 1311 624 1365 caerulaque
646 1310 836 1351 induitur
858 1310 1086 1359 velamina,
1110 1324 1268 1365 perque
1292 1309 1478 1352 ferarum

373 1382 528 1423 agmen
551 1366 798 1408 adulantum
821 1366 961 1408 media
982 1366 1174 1421 procedit
1197 1366 1251 1407 ab
1276 1366 1391 1416 aula3

373 1423 698 1479 oppositumque
722 1429 869 1478 petens
894 1429 1039 1464 contra
1063 1422 1263 1464 Zancleia
1286 1437 1390 1464 saxa

373 1479 590 1535 Rhegion,
614 1479 848 1534 ingreditur
872 1477 1083 1520 ferventes
1108 1477 1292 1520 aestibus
1316 1478 1467 1528 undas,

373 1536 416 1578 in
441 1536 593 1591 quibus
617 1543 663 1577 ut
688 1535 821 1577 solida
843 1535 963 1590 ponit
986 1534 1166 1590 vestigia
1187 1541 1312 1584 terra,

375 1606 621 1646 summaque
646 1591 827 1633 decurrit
852 1591 1030 1646 pedibus
1055 1605 1181 1646 super
1205 1605 1389 1645 aequora
1411 1590 1546 1633 siccis.

372 1663 527 1704 parvus
552 1655 640 1690 erat
694 1662 841 1702 urges,
866 1661 1017 1689 curvos
1042 1647 1231 1689 sinuatus
1253 1647 1299 1689 in
1322 1661 1458 1696 arcus,

372 1713 494 1761 grata
518 1704 636 1759 quies
662 1663 849 1759 {cyllaffl
874 1718 958 1757 quo
983 1718 1028 1746 se
1052 1703 1262 1746 referebat
1284 1703 1338 1745 ab
1363 1710 1482 1746 aestu

373 1769 414 1804 et
438 1761 565 1802 maris
590 1768 631 1803 et
655 1760 779 1809 caeli,
803 1760 942 1802 medio
967 1774 1064 1801 cum
1087 1759 1293 1815 plurimus
1317 1759 1418 1802 orbe

374 1815 435 1859 sol
461 1823 549 1859 erat
573 1824 615 1858 et
637 1816 830 1858 minimas
855 1831 881 1858 a
903 1816 1059 1858 vertice
1082 1816 1241 1858 fecerat
1263 1816 1450 1858 umbras.

373 1873 485 1915 hunc
510 1873 589 1915 dea
612 1872 833 1928 praevitiat
855 1871 1211 1927 portentificisque
1234 1872 1407 1915 venenis

372 1929 583 1983 inquinat,
607 1929 676 1970 hic
699 1928 816 1970 fusos
839 1928 993 1970 latices
1007 1927 1148 1970 radice
1171 1928 1339 1970 nocenti

374 1985 552 2041 spargit,
578 1993 618 2026 et
642 1984 868 2026 obscurum
892 1985 1114 2026 verborum
1141 1983 1321 2039 ambage
1345 1998 1551 2027 novorum

373 2050 436 2084 ter
459 2041 633 2083 noviens
659 2048 826 2083 carmen
850 2040 1014 2096 magico
1040 2040 1326 2083 demurmurat
1349 2055 1433 2083 ore.

375 2097 519 2153 Scylla
542 2097 672 2147 venit,
697 2097 919 2151 mediaque
943 2104 1066 2139 tenus
1091 2096 1364 2139 descenderat
1387 2097 1496 2148 alvo,

374 2169 470 2195 cum
494 2168 571 2195 sua
594 2153 754 2195 foedari
777 2153 1027 2195 latrantibus
1051 2153 1227 2209 inguina
1249 2153 1446 2195 monstris

373 2209 533 2265 aspicit.
592 2224 641 2251 ac
664 2209 799 2265 primo
825 2209 998 2251 credens
1021 2223 1104 2251 non
1130 2209 1315 2265 corporis
1338 2209 1431 2251 illas

373 2281 464 2308 esse
489 2265 555 2308 sui
576 2273 736 2321 partes,
760 2265 1001 2321 refugitque
1025 2265 1242 2321 abigitque
1265 2265 1467 2320 timetque
1572 2318 1576 2321 η

373 2336 446 2364 ora
467 2329 665 2377 proterva
688 2336 857 2364 canum:
884 2322 958 2364 sed
982 2336 1088 2376 quos
1112 2321 1242 2378 fugit,
1267 2321 1438 2364 attrahit
1459 2336 1558 2364 una.

374 2387 416 2420 et
440 2392 590 2434 corpus
616 2392 821 2432 quaerens
845 2377 1053 2420 femorum
1078 2391 1330 2432 crurumque
1353 2378 1611 2434 pedumque,

376 2432 610 2477 Cerbereos
634 2435 764 2476 rictus
787 2448 864 2489 pro
887 2434 1077 2490 partibus
1100 2434 1261 2477 invenit
1282 2434 1382 2476 illis:

373 2498 538 2544 statque
563 2505 714 2533 canum
738 2490 872 2540 rabie,
898 2490 1169 2545 subiectaque
1193 2498 1313 2546 terga
1334 2490 1521 2533 ferarum

371 2546 615 2602 inguinibus
640 2546 798 2589 truncis
822 2554 1026 2601 uteroque
1051 2553 1218 2589 extante
1243 2554 1418 2589 coercet.

428 2603 567 2644 Flevit
591 2618 736 2644 amans
762 2602 972 2652 Glaucus,
996 2602 1255 2657 nimiumque
1279 2602 1484 2646 hostiliter
1506 2618 1608 2646 usae

373 2658 533 2700 viribus
557 2659 784 2701 herbarum
807 2659 918 2714 fugit
942 2659 1122 2701 conubia
1146 2657 1304 2702 Circes.

379 2713 522 2770 Scylla
545 2715 638 2756 loco
661 2715 826 2757 mansit.
886 2729 1066 2769 cumque
1091 2722 1154 2757 est
1177 2715 1276 2757 data
1299 2715 1420 2772 copia
1441 2715 1639 2772 primum,

374 2771 418 2813 in
443 2769 587 2813 Circes
613 2771 754 2814 odium
779 2771 901 2814 sociis
925 2771 1120 2827 spoliavit
1142 2770 1314 2815 Ulixen.
