1786 3242
354 266 439 309 238
797 273 842 308 P.
869 272 1034 310 0V1D11
1058 272 1275 310 NASONIS

350 355 491 412 paruit
515 355 686 397 Aeneas
711 360 752 396 et
775 352 1053 395 formidabilis
1079 351 1183 395 Orci

350 412 458 454 vidit
481 425 582 466 opes
607 419 836 464 atavosque
860 423 959 451 suos
983 408 1261 463 umbramque
1287 408 1461 453 senilem
1483 447 1486 449 .

349 466 609 523 magnanimi
631 465 860 507 Anchisae.
919 465 1064 507 didicit
1087 479 1255 520 quoque
1278 465 1371 508 iura
1392 465 1597 518 locorum,

351 537 544 578 quaeque
567 521 688 565 novis
712 529 851 564 essent
875 520 1070 563 adeunda
1092 522 1280 577 pericula
1303 521 1437 565 bellis.

262 594 328 626 120
351 579 449 622 inde
472 579 612 621 ferens
635 578 768 620 lassos
793 578 970 620 adverso
995 577 1160 621 tramite
1182 592 1348 633 passus,
1399 588 1401 590 ·

351 650 449 678 cum
474 635 580 677 duce
607 632 798 676 Cumaea
821 634 955 676 mollit
977 648 1168 677 sermone
1191 634 1398 677 laboremz

351 692 537 746 dumque
560 691 639 733 iter
662 690 918 732 horrendum
941 705 1017 746 per
1041 705 1173 746 opaca
1196 690 1444 746 crepuscula
1466 691 1615 748 carpit,

352 753 447 791 ‘seu
471 747 550 789 dea
572 755 619 789 tu
643 762 861 802 praesens,
886 761 960 789 seu
985 746 1048 788 dis
1072 746 1336 801 gratissima,’
1360 746 1467 789 dixit

351 803 553 846 ‘numinis
577 803 708 845 instar
731 802 812 846 eris
836 818 1002 858 semper
1025 803 1128 844 mihi
1136 819 1147 853 3
1171 816 1323 857 meque
1345 802 1512 846 fatebor

262 875 327 906 125
352 860 536 903 muneris
560 875 651 902 esse
675 860 755 909 tui,
780 873 889 913 quae
912 874 980 901 me
1003 860 1097 901 loca
1119 859 1264 901 mortis
1289 859 1417 910 adire,

351 931 462 972 quae
485 917 579 958 loca
604 930 671 958 me
695 915 810 958 visae
834 915 1003 958 voluisti
1028 916 1205 958 evadere
1228 916 1386 958 mortis.

350 987 427 1029 pro
451 973 605 1027 quibus
629 972 762 1014 ae'rias
786 972 943 1015 meritis
968 980 1137 1015 evectus
1162 972 1216 1014 ad
1240 987 1364 1015 auras

351 1029 509 1085 templa
532 1029 608 1070 tibi
632 1035 833 1078 statuam,
857 1028 1039 1070 tribuam
1063 1028 1139 1070 tibi
1163 1028 1267 1070 turis
1289 1028 1497 1072 honores!

351 1086 520 1141 respicit
543 1085 655 1127 hunc
679 1091 797 1127 vates
821 1091 862 1127 et
886 1084 1162 1140 suspiratibus
1185 1084 1346 1127 haustis

262 1155 328 1187 130
352 1146 450 1184 ‘nec
474 1142 553 1183 dea
576 1141 696 1190 sum,'
722 1141 827 1182 dixit
850 1145 947 1184 ‘nec
971 1141 1077 1183 sacri
1101 1141 1205 1183 turis
1228 1141 1386 1184 honore

351 1197 584 1240 humanum
609 1197 783 1252 dignare
807 1204 947 1252 caput.
1006 1212 1090 1240 neu
1112 1197 1279 1240 nescius
1303 1212 1434 1241 erres:

351 1255 426 1296 lux
450 1260 619 1296 aeterna
641 1252 744 1294 mihi
770 1253 1034 1308 carituraque
1056 1254 1140 1296 fine
1164 1254 1357 1304 dabatur,

351 1310 387 1352 si
410 1325 505 1353 mea
528 1309 745 1365 virginitas
768 1309 945 1351 Phoebo
969 1310 1174 1365 patuisset
1197 1310 1366 1353 amanti.

353 1366 455 1408 dum
478 1373 619 1408 tamen
643 1365 751 1407 hanc
776 1373 934 1421 sperat,
960 1366 1062 1408 dum
1086 1381 1456 1422 praecorrumpere
1480 1366 1603 1410 donis

262 1435 327 1468 135
353 1438 420 1465 me
445 1422 582 1478 cupit,
607 1422 761 1478 ‘elige,’
787 1422 845 1463 ait
869 1421 1007 1484 ‘virgo
1033 1421 1242 1472 Cumaea,
1267 1423 1370 1477 quid
1393 1430 1532 1479 optes:

353 1479 505 1534 optatis
529 1478 687 1533 potiere
712 1478 822 1520 tuis)
882 1492 963 1534 ego
986 1478 1173 1534 pulveris
1196 1478 1334 1521 hausti

352 1534 576 1577 ostendens
601 1535 834 1584 cumulum,
859 1542 962 1588 quot
985 1535 1160 1578 haberet
1183 1549 1357 1591 corpora
1379 1535 1532 1592 pulvis,

351 1598 414 1633 tot
436 1591 539 1632 mihi
561 1591 721 1633 natales
746 1590 988 1647 contingere
1012 1606 1123 1633 vana
1145 1591 1312 1648 rogavi:

353 1647 508 1690 excidit
531 1654 578 1689 ut
601 1654 788 1703 peterem
812 1647 985 1690 iuvenes
1009 1661 1178 1702 quoque
1200 1648 1391 1704 protinus
1415 1662 1561 1692 annos.

263 1717 330 1749 140
353 1704 430 1745 hos
455 1711 596 1746 tamen
618 1703 690 1746 ille
714 1703 816 1745 mihi
841 1703 969 1746 dabat
993 1713 1290 1759 aeternamque
1313 1704 1543 1756 iuventam,

352 1760 387 1802 si
410 1760 623 1803 Venerem
647 1766 823 1815 paterer.
883 1767 1123 1815 contempto
1147 1775 1321 1803 munere
1342 1760 1510 1804 Phoebi

350 1816 512 1858 innuba
534 1830 772 1872 permaneo.
833 1815 907 1858 sed
930 1816 1016 1858 iam
1039 1816 1201 1859 felicior
1224 1824 1339 1859 aetas

353 1880 473 1927 terga
497 1872 631 1922 dedit,
656 1872 918 1926 tremuloque
941 1872 1078 1927 gradu
1101 1872 1216 1915 venit
1240 1888 1369 1929 aegra
1392 1879 1600 1925 senectus,

352 1942 461 1983 quae
485 1928 682 1984 patienda
706 1928 778 1970 diu
802 1936 878 1970 est..
936 1943 1036 1970 nam
1058 1928 1143 1970 iam
1166 1928 1269 1971 mihi
1293 1929 1462 1972 saecula
1484 1937 1647 1986 septem

263 1998 327 2029 145
352 1991 446 2026 acta
469 1984 605 2026 vides:
631 1991 841 2040 superest,
865 1999 1062 2026 numeros
1086 1992 1134 2027 ut
1157 1985 1342 2041 pulveris
1366 1999 1559 2041 aequem,

351 2047 415 2083 ter
439 2048 607 2083 centum
632 2055 808 2090 messes,
832 2047 898 2083 ter
919 2048 1088 2082 centum
1111 2048 1251 2083 musta
1274 2041 1429 2085 videre.

351 2104 518 2152 tempus
543 2097 639 2147 erit,
663 2111 760 2138 cum
781 2096 837 2138 <le
860 2104 977 2138 tanto
1001 2112 1070 2140 me
1095 2112 1269 2153 corpore
1292 2112 1469 2154 parvam

349 2153 479 2208 longa
503 2153 591 2195 dies
615 2153 759 2203 faciet,
785 2160 1116 2208 consumptaque
1140 2154 1330 2197 membra
1353 2162 1522 2197 senecta

351 2209 406 2251 ad
430 2209 650 2251 minimum
673 2210 918 2265 redigentur
941 2224 1060 2252 onus.
1118 2225 1198 2253 nec
1221 2217 1361 2253 amata
1383 2211 1561 2254 videbor

262 2279 327 2311 150
350 2279 430 2308 nec
452 2266 660 2321 placuisse
685 2266 777 2308 deo.
836 2265 1038 2308 Phoebus
1062 2280 1230 2322 quoque
1253 2266 1429 2316 forsitan
1452 2266 1543 2323 ipse

350 2322 418 2364 vel
441 2336 526 2364 non
550 2330 775 2377 cognoscet
798 2323 866 2365 vel
891 2322 1085 2365 dilexisse
1108 2323 1293 2378 negabit.

350 2392 486 2433 usque
511 2378 616 2421 adeo
640 2385 802 2420 mutata
825 2379 950 2421 ferar.
1008 2379 1196 2433 nullique
1219 2379 1402 2422 videnda

350 2449 455 2476 voce
478 2441 620 2477 tamen
643 2449 812 2477 noscar:
837 2449 985 2477 vocem
1009 2434 1112 2476 mihi
1134 2435 1223 2477 fata
1245 2434 1507 2490 relinquent-⁹

406 2490 529 2533 Talia
553 2505 788 2533 convexum
842 2507 887 2534 er
909 2492 989 2534 iter
1011 2498 1268 2534 memorante
1293 2491 1469 2547 Sibylla,

260 2559 325 2591 155
351 2546 521 2589 sedibus
545 2546 781 2590 Euboicam
842 2547 967 2603 tygiis
991 2548 1168 2603 emergit
1191 2547 1235 2589 in
1258 2548 1408 2590 urbem

350 2603 502 2645 Troius
530 2603 717 2653 Aeneas,
742 2605 954 2658 sacrisque
979 2619 1032 2646 ex
1054 2617 1170 2646 more
1192 2604 1321 2646 litatis

348 2658 472 2701 litora
496 2659 583 2701 adit
605 2660 794 2701 nondum
816 2660 988 2702 nutricis
1011 2660 1210 2702 habentia
1232 2674 1400 2703 nomen.
1762 2703 1766 2707 ,

351 2714 421 2756 hic
434 2729 601 2770 quoque
615 2716 856 2758 substiterat
867 2723 961 2772 post
973 2716 1113 2759 taedia
1124 2717 1251 2772 longa
1268 2716 1460 2758 laborum
1489 2726 1711 2762 Achaemeni-

349 2770 393 2813 N
395 2771 535 2814 eritius
550 2771 789 2824 Macareus,
799 2787 937 2816 comes
953 2773 1203 2829 experientis
1212 2772 1429 2824 Ulixei,des
1437 2777 1467 2808 et
1473 2773 1710 2822 Polyphemus.
1723 2793 1725 2795 ·
