1786 3242
279 269 776 310 METAMORPHOSEON
797 272 896 309 LIB.
921 273 1027 311 XIV.
1052 274 1248 312 292-379.
1371 265 1459 308 243

129 385 131 387 -
180 376 201 391 ¹·
221 354 321 399 ·2'to
344 353 509 399 cunctis
532 353 743 397 Laurenti
766 354 922 398 tradita
944 355 1051 399 Pico
1076 362 1158 398 est:

226 410 370 456 uidem
393 410 524 462 facie,
547 410 624 455 sed
646 410 782 454 rarior
805 419 895 454 arte
919 412 1113 462 canendi,

74 519 86 523 ..
107 520 111 524 ,
178 500 186 505 -
314 483 390 513 ens
414 467 528 511 dicta
551 474 628 511 est.
688 467 816 510 silvas
841 475 884 511 et
908 483 1013 511 saxa
1033 483 1206 512 movere

68 526 120 578 ‘ss
142 525 332 579 mulcere
353 525 467 569 feras
490 530 534 568 et
555 523 732 568 flumina
753 525 885 581 longa
907 526 1067 569 morari

74 607 126 628 -,·«
172 595 258 627 m
274 581 556 638 volucresque
580 596 608 625 v
667 596 714 624 as
737 581 918 625 retinere
943 581 1117 626 solebat.
1484 598 1553 630 340

58 660 183 687 21²2
213 638 322 683 dum
339 637 526 683 feminea
547 652 618 681 mo
650 638 792 681 ulatur
815 638 1005 681 carmina
1028 652 1147 689 voce,

132 695 148 709 '
170 719 175 733 ι
205 719 208 721 >
260 702 375 740 tecto
397 695 639 739 Laurentes
660 694 794 738 Picus
818 694 862 738 in
887 709 1027 752 agros,

67 756 81 799 i
103 759 105 761 ’
125 762 154 790 '⁴1
176 772 187 804 ς
207 767 300 796 nas
321 752 486 796 fixurus
509 765 655 808 apros,
678 758 720 795 te
805 765 932 807 mque
956 752 1179 808 premebat

116 834 120 846 ·-
150 808 165 821 “
211 808 312 866 equi
333 809 541 865 laevaque
565 808 735 852 hastilia
788 808 860 851 ina
883 808 1062 860 ferebat,

67 875 106 910 ’Ξῖ
128 888 135 902 ·
157 865 337 910 'ceam
359 865 479 909 fulvo
503 864 773 922 chlamydem
796 871 1037 908 contractus
1062 865 1118 908 ab
1142 880 1259 910 auro.
1486 880 1554 912 345

51 930 254 970 ”morat
274 923 320 966 in
343 921 473 966 silvas
497 929 540 966 et
561 922 651 965 filia
675 921 789 965 Solis
814 922 999 973 easdem,

74 977 211 1024 ‘ue-2·
233 993 368 1022 novas
390 979 554 1036 legeret
575 978 771 1022 fecundis
795 978 975 1021 collibus
999 978 1167 1029 herbas,

0 1053 2 1077 ὴ
67 1035 249 1083 amu’e·
273 1036 388 1080 dicta
411 1050 490 1079 suo
514 1033 694 1079 Circaea
717 1035 947 1091 reliquerat
970 1051 1086 1078 arva.

0 1079 2 1130 k
90 1117 95 1128 2
120 1114 125 1130 ι
174 1114 183 1129 -.
211 1093 339 1137 simul
362 1106 414 1136 ιο
435 1092 635 1136 iuvenem
658 1092 854 1150 virgultis
878 1092 1024 1136 abdita
1047 1092 1166 1143 vidit,

55 1154 75 1192 -ζ
89 1175 92 1182 ‚
107 1172 125 1188 >·-
144 1172 149 1187 ;
168 1149 297 1208 ‘puin
355 1149 546 1193 cecidere
569 1164 720 1201 manu,
744 1164 850 1205 quas
874 1151 1037 1207 legerat
1061 1149 1236 1192 herbas:
1486 1163 1555 1196 350

146 1228 166 1245 ··
190 1227 211 1244 ιι
232 1228 235 1243 2
258 1221 334 1250 ue
357 1221 435 1264 per
457 1213 568 1249 totas
592 1206 684 1250 visa
707 1214 772 1250 est
795 1221 937 1250 errare
959 1206 1182 1249 medullas.

79 417 96 425 >u

77 497 80 502 Α
149 491 154 499 ,

200 1263 212 1274 “
259 1278 334 1307 um
358 1263 501 1307 valido
523 1270 711 1307 mentem
736 1264 908 1320 collegit
932 1263 987 1307 ab
1013 1270 1147 1314 aestu,

2 1373 4 1382 ¹
69 1334 154 1379 ,qm
205 1327 400 1378 cuperet,
425 1320 594 1364 fassura
616 1320 711 1363 fuit.
771 1336 825 1363 ne
848 1328 993 1377 posset
1018 1319 1148 1372 adire,

3 1383 5 1387 ⁴
69 1390 228 1427 ,ursus
252 1377 352 1434 equi
373 1377 478 1421 fecit
500 1377 870 1433 circumfususque
895 1377 1078 1420 satelles.

64 1433 260 1478 “mnonm
284 1434 344 1477 ait
367 1434 617 1491 “‘effugies,
641 1441 768 1477 vento
792 1434 958 1490 rapiare
981 1433 1139 1484 licebit,
1486 1446 1554 1479 355

4 1503 6 1505 ’
74 1490 116 1535 si
135 1491 265 1535 modo
287 1506 357 1535 me
379 1491 502 1544 novi,
526 1491 562 1533 si
585 1505 672 1534 non
696 1491 867 1534 evanuit
892 1491 1028 1534 omnis

63 1546 308 1593 *herbarum
330 1547 485 1600 virtus,
508 1562 589 1591 nec
611 1563 681 1591 me
705 1563 802 1591 mea
826 1548 1014 1591 carmina
1037 1546 1246 1590 fallunt-'⁹'

71 1604 204 1656 dixit,
228 1611 272 1649 et
295 1604 484 1662 effigiem
506 1605 626 1648 nullo
650 1619 749 1648 cum
773 1619 948 1662 corpore
971 1604 1069 1647 falsi

64 1660 204 1707 finxit
226 1661 339 1720 apri,
393 1669 616 1718 raeterque
640 1662 786 1705 oculos
810 1669 1097 1705 transcurrere
1121 1660 1233 1718 regis

67 1737 109 1755 ⁴·
130 1718 178 1756 2¹:
180 1725 199 1762 t
221 1726 265 1762 et
286 1719 333 1762 in
386 1733 536 1762 ensum
562 1718 754 1761 trabibus
777 1734 929 1762 nemus
953 1719 1015 1761 ire
1038 1718 1189 1769 videri,
1486 1730 1555 1764 360

88 1797 97 1813 o
121 1774 260 1819 urima
283 1789 371 1831 qua
394 1775 502 1818 silva
526 1782 591 1818 est
615 1782 658 1818 et
680 1789 792 1831 equo
815 1775 910 1818 loca
933 1775 1081 1831 pervia
1103 1789 1190 1817 non
1214 1781 1326 1818 sunt.

91 1855 95 1870 ι
118 1831 195 1876 'ud
217 1846 355 1876 mora:
380 1832 581 1876 continuo
605 1832 790 1889 praedae
815 1832 922 1888 petit
945 1832 1104 1875 inscius
1128 1831 1328 1874 umbram

0 1907 1 1925 π
64 1910 75 1929 ,·
96 1895 106 1907 ’
132 1902 208 1933 cus
232 1889 419 1945 equique
443 1889 556 1932 celer
577 1888 821 1945 spumantia
845 1896 967 1945 terga
990 1888 1204 1943 relinquit,

3 1985 4 1996 ,
74 1959 282 2005 spemque
306 1960 490 2002 sequens
514 1960 670 1989 vanam
695 1946 803 1988 silva
826 1945 958 2003 pedes
983 1953 1095 1989 errat
1117 1945 1162 1988 in
1187 1945 1285 1988 alta.

3 1997 5 2053 ἒ
64 2002 262 2060 ‘concipit
282 2001 358 2046 illa
379 2017 529 2060 preces
554 2010 597 2046 et
619 2002 752 2046 verba
773 2002 994 2070 precantia
1018 2002 1120 2045 dicit
1486 2015 1552 2047 365

4 2115 6 2117 ‚
61 2057 331 2117 ignotosque
354 2059 458 2103 deos
481 2059 630 2117 ignoto
654 2074 840 2103 carmine
866 2060 1029 2111 adorat,

59 2129 163 2173 quo
186 2116 294 2160 solet
316 2123 360 2160 et
382 2115 534 2160 niveae
556 2117 724 2159 vultum
748 2116 1009 2160 confundere
1033 2116 1188 2159 Lunae

62 2179 123 2218 'et
142 2173 282 2231 patrio
306 2173 437 2230 capiti
461 2173 628 2216 bibulas
653 2173 880 2217 subtexere
903 2173 1054 2216 nubes.

67 2237 171 2278 :tum
192 2243 365 2330 quoque
389 2237 559 2273 cantato
583 2229 785 2274 densetur
808 2231 994 2273 carmine
1020 2230 1199 2281 caelum,

39 2304 42 2308 ’
76 2293 122 2332 et
141 2301 197 2331 ne
227 2287 322 2331 ulas
347 2287 489 2331 exalat
511 2287 688 2339 humus,
713 2287 936 2342 caecisque
960 2293 1172 2354 vagantur
1486 2299 1553 2332 370

56 2342 282 2388 ‘limitibus
305 2344 501 2396 comites,
525 2351 569 2388 et
592 2344 714 2388 abest
737 2344 931 2388 custodia
954 2359 1059 2401 regi.

62 2405 205 2457 snecta
225 2401 368 2444 locum
390 2408 647 2458 tempusque
672 2405 714 2426 “‘
721 2416 798 2458 per
821 2416 847 2444 o
871 2408 946 2444 tua
970 2400 1187 2452 lumina,”'
1212 2399 1319 2444 dixit

63 2461 237 2514 >“‘quae
260 2473 358 2502 mea
380 2466 597 2516 ceperunt,
621 2473 784 2516 perque
808 2457 933 2509 hanc,
955 2457 1253 2515 pulcherrime,
1279 2457 1476 2509 formam,

23 2517 25 2519 ’
76 2519 189 2571 quae
211 2514 336 2568 facit,
359 2522 410 2558 ut
431 2516 612 2572 supplex
637 2515 716 2558 tibi
740 2515 820 2558 sim
845 2515 945 2567 dea,
970 2515 1143 2559 consule
1166 2514 1320 2557 nostris

22 2620 25 2624 .
66 2570 248 2623 ’,Ἑιιε
273 2580 315 2616 et
339 2585 554 2623 socerum,
579 2572 653 2628 qui
708 2572 871 2616 ervidet
894 2573 1056 2623 omnia,
1082 2571 1228 2616 Solem
1483 2584 1551 2616 375

70 2628 240 2687 accipe,
264 2643 345 2672 nec
369 2628 501 2672 durus
525 2628 670 2672 Titani
702 2645 727 2672 a
752 2629 922 2686 despice
948 2628 1158 2672 Circen.”'

24 2718 27 2721 -
88 2684 120 2721 ι’
151 2694 255 2730 erat.
301 2686 373 2730 ille
396 2685 519 2730 ferox
541 2685 765 2743 ipsamque
788 2701 1023 2742 precesque
1046 2685 1262 2742 relinquit,

64 2748 122 2794 ,et
143 2746 487 2799 “‘quaecumque
511 2742 612 2795 es‚'''
638 2743 697 2786 ait
720 2747 854 2786 “‘non
879 2758 975 2786 sum
998 2750 1118 2795 tuus,
1143 2743 1277 2786 altera
1301 2749 1474 2801 captum

29 2853 37 2863 Ι,
67 2813 146 2851 ,κιο
168 2805 304 2852 tenet,
329 2808 372 2844 et
395 2807 539 2844 teneat
562 2815 639 2857 per
662 2800 852 2858 longum,
879 2815 1137 2858 comprecor,
1164 2815 1330 2843 aevum.

1160 2867 1227 2903 16·
