<?xml version="1.0" encoding="UTF-8"?>
<!DOCTYPE html PUBLIC "-//W3C//DTD XHTML 1.0 Transitional//EN"
    "http://www.w3.org/TR/xhtml1/DTD/xhtml1-transitional.dtd">
<html xmlns="http://www.w3.org/1999/xhtml" xml:lang="en" lang="en">
 <head>
  <title>
</title>
<meta http-equiv="Content-Type" content="text/html;charset=utf-8" />
  <meta name='ocr-system' content='tesseract 3.04.00' />
  <meta name='ocr-capabilities' content='ocr_page ocr_carea ocr_par ocr_line ocrx_word'/>
</head>
<body>
  <div class='ocr_page' id='page_1' title='image "./carminao02oviduoft_0060.png"; bbox 0 0 1774 3256; ppageno 0'>
   <div class='ocr_carea' id='block_1_1' title="bbox 379 277 1297 321">
    <p class='ocr_par' dir='ltr' id='par_1_1' title="bbox 379 277 1297 321">
     <span class='ocr_line' id='line_1_1' title="bbox 379 277 1297 321; baseline 0 0"><span class='ocrx_word' id='word_1_1' title='bbox 379 277 437 321; x_wconf 76' lang='lat'>24</span> <span class='ocrx_word' id='word_1_2' title='bbox 824 284 868 319; x_wconf 91' lang='lat' dir='ltr'>P.</span> <span class='ocrx_word' id='word_1_3' title='bbox 894 283 1059 321; x_wconf 89' lang='lat' dir='ltr'>OVIDII</span> <span class='ocrx_word' id='word_1_4' title='bbox 1082 282 1297 321; x_wconf 81' lang='lat' dir='ltr'>NASONIS</span> 
     </span>
    </p>
   </div>
   <div class='ocr_carea' id='block_1_2' title="bbox 253 364 1767 1003">
    <p class='ocr_par' dir='ltr' id='par_1_2' title="bbox 253 364 1767 1003">
     <span class='ocr_line' id='line_1_2' title="bbox 382 364 1450 420; baseline -0.002 -11"><span class='ocrx_word' id='word_1_5' title='bbox 382 374 424 410; x_wconf 91' lang='lat' dir='ltr'>et</span> <span class='ocrx_word' id='word_1_6' title='bbox 447 374 537 408; x_wconf 93' lang='lat' dir='ltr'>tum</span> <span class='ocrx_word' id='word_1_7' title='bbox 561 366 689 414; x_wconf 87' lang='lat' dir='ltr'>sicca,</span> <span class='ocrx_word' id='word_1_8' title='bbox 714 364 830 420; x_wconf 92' lang='lat' dir='ltr'>prius</span> <span class='ocrx_word' id='word_1_9' title='bbox 855 364 1106 406; x_wconf 88' lang='lat' dir='ltr'>creberrima</span> <span class='ocrx_word' id='word_1_10' title='bbox 1129 364 1334 414; x_wconf 90' lang='lat' dir='ltr'>fontibus,</span> <span class='ocrx_word' id='word_1_11' title='bbox 1361 364 1450 414; x_wconf 89' lang='lat' dir='ltr'>Ide,</span> 
     </span>
     <span class='ocr_line' id='line_1_3' title="bbox 381 419 1623 478; baseline 0 -14"><span class='ocrx_word' id='word_1_12' title='bbox 381 423 679 478; x_wconf 87' lang='lat' dir='ltr'>virgineusque</span> <span class='ocrx_word' id='word_1_13' title='bbox 702 421 884 462; x_wconf 84' lang='lat' dir='ltr'>Helicon</span> <span class='ocrx_word' id='word_1_14' title='bbox 907 428 949 462; x_wconf 93' lang='lat' dir='ltr'>et</span> <span class='ocrx_word' id='word_1_15' title='bbox 971 421 1159 462; x_wconf 91' lang='lat' dir='ltr'>nondum</span> <span class='ocrx_word' id='word_1_16' title='bbox 1184 419 1396 476; x_wconf 83' lang='lat' dir='ltr'>Oeagrius</span> <span class='ocrx_word' id='word_1_17' title='bbox 1419 422 1623 464; x_wconf 79' lang='lat' dir='ltr'><strong>Haemos.</strong></span> 
     </span>
     <span class='ocr_line' id='line_1_4' title="bbox 253 476 1442 532; baseline -0.004 -7"><span class='ocrx_word' id='word_1_18' title='bbox 253 487 255 492; x_wconf 74' lang='grc'>’</span> <span class='ocrx_word' id='word_1_19' title='bbox 292 494 359 526; x_wconf 89' lang='grc'>220</span> <span class='ocrx_word' id='word_1_20' title='bbox 383 480 500 521; x_wconf 86' lang='lat' dir='ltr'>ardet</span> <span class='ocrx_word' id='word_1_21' title='bbox 522 478 566 520; x_wconf 92' lang='lat' dir='ltr'>in</span> <span class='ocrx_word' id='word_1_22' title='bbox 588 478 839 519; x_wconf 89' lang='lat' dir='ltr'>immensum</span> <span class='ocrx_word' id='word_1_23' title='bbox 862 476 1084 532; x_wconf 87' lang='lat' dir='ltr'>geminatis</span> <span class='ocrx_word' id='word_1_24' title='bbox 1108 476 1277 532; x_wconf 84' lang='lat' dir='ltr'>ignibus</span> <span class='ocrx_word' id='word_1_25' title='bbox 1300 477 1442 520; x_wconf 82' lang='lat' dir='ltr'><strong>Aetna</strong></span> 
     </span>
     <span class='ocr_line' id='line_1_5' title="bbox 380 531 1606 591; baseline 0 -15"><span class='ocrx_word' id='word_1_26' title='bbox 380 535 679 587; x_wconf 83' lang='lat' dir='ltr'>Parnasusque</span> <span class='ocrx_word' id='word_1_27' title='bbox 702 533 846 588; x_wconf 81' lang='lat' dir='ltr'>biceps</span> <span class='ocrx_word' id='word_1_28' title='bbox 871 540 912 575; x_wconf 90' lang='lat' dir='ltr'>et</span> <span class='ocrx_word' id='word_1_29' title='bbox 935 532 1055 588; x_wconf 87' lang='lat' dir='ltr'><strong>Eryx</strong></span> <span class='ocrx_word' id='word_1_30' title='bbox 1078 542 1120 575; x_wconf 90' lang='lat' dir='ltr'>et</span> <span class='ocrx_word' id='word_1_31' title='bbox 1145 531 1338 588; x_wconf 79' lang='lat' dir='ltr'>Cynthus</span> <span class='ocrx_word' id='word_1_32' title='bbox 1363 541 1405 576; x_wconf 90' lang='lat' dir='ltr'>et</span> <span class='ocrx_word' id='word_1_33' title='bbox 1429 531 1606 591; x_wconf 84' lang='lat' dir='ltr'>Othrys,</span> 
     </span>
     <span class='ocr_line' id='line_1_6' title="bbox 382 588 1528 645; baseline 0 -12"><span class='ocrx_word' id='word_1_34' title='bbox 382 598 424 633; x_wconf 88' lang='lat' dir='ltr'>et</span> <span class='ocrx_word' id='word_1_35' title='bbox 446 590 616 632; x_wconf 88' lang='lat' dir='ltr'>tandem</span> <span class='ocrx_word' id='word_1_36' title='bbox 639 589 806 631; x_wconf 88' lang='lat' dir='ltr'>nivibus</span> <span class='ocrx_word' id='word_1_37' title='bbox 831 588 1038 645; x_wconf 85' lang='lat' dir='ltr'>Rhodope</span> <span class='ocrx_word' id='word_1_38' title='bbox 1063 589 1262 639; x_wconf 87' lang='lat' dir='ltr'>caritura,</span> <span class='ocrx_word' id='word_1_39' title='bbox 1286 589 1528 645; x_wconf 80' lang='lat' dir='ltr'>Mimasque</span> 
     </span>
     <span class='ocr_line' id='line_1_7' title="bbox 381 643 1767 810; baseline 0.001 -122"><span class='ocrx_word' id='word_1_40' title='bbox 381 646 684 701; x_wconf 85' lang='lat' dir='ltr'>Dindymaque</span> <span class='ocrx_word' id='word_1_41' title='bbox 708 652 749 687; x_wconf 88' lang='lat' dir='ltr'>et</span> <span class='ocrx_word' id='word_1_42' title='bbox 772 645 944 699; x_wconf 83' lang='lat' dir='ltr'>Mycale</span> <span class='ocrx_word' id='word_1_43' title='bbox 967 652 1175 699; x_wconf 88' lang='lat' dir='ltr'>natusque</span> <span class='ocrx_word' id='word_1_44' title='bbox 1199 646 1253 687; x_wconf 92' lang='lat' dir='ltr'>ad</span> <span class='ocrx_word' id='word_1_45' title='bbox 1277 659 1396 688; x_wconf 87' lang='lat' dir='ltr'>sacra</span> <span class='ocrx_word' id='word_1_46' title='bbox 1420 643 1664 690; x_wconf 86' lang='lat' dir='ltr'>Cithaeron.</span> <span class='ocrx_word' id='word_1_47' title='bbox 1704 714 1709 719; x_wconf 80' lang='lat'>.</span> <span class='ocrx_word' id='word_1_48' title='bbox 1745 652 1767 810; x_wconf 56' lang='grc' dir='ltr'>ἓ</span> 
     </span>
     <span class='ocr_line' id='line_1_8' title="bbox 1746 815 1765 872; baseline 0 0"><span class='ocrx_word' id='word_1_49' title='bbox 1746 815 1765 872; x_wconf 65' lang='grc' dir='ltr'><em>ἲ</em></span> 
     </span>
     <span class='ocr_line' id='line_1_9' title="bbox 1746 879 1765 1003; baseline 0 0"><span class='ocrx_word' id='word_1_50' title='bbox 1746 879 1765 1003; x_wconf 67' lang='grc' dir='ltr'><em>ἓ</em></span> 
     </span>
    </p>
   </div>
   <div class='ocr_carea' id='block_1_3' title="bbox 1630 0 1774 641">
    <p class='ocr_par' dir='ltr' id='par_1_3' title="bbox 1630 0 1774 641">
     <span class='ocr_line' id='line_1_10' title="bbox 1630 0 1774 641; baseline 0 2615"><span class='ocrx_word' id='word_1_51' title='bbox 1630 0 1774 641; x_wconf 95' lang='lat' dir='ltr'> </span> 
     </span>
    </p>
   </div>
   <div class='ocr_carea' id='block_1_4' title="bbox 287 700 1774 2839">
    <p class='ocr_par' dir='ltr' id='par_1_4' title="bbox 287 700 1774 2839">
     <span class='ocr_line' id='line_1_11' title="bbox 381 700 1570 758; baseline 0 -13"><span class='ocrx_word' id='word_1_52' title='bbox 381 717 459 745; x_wconf 90' lang='lat' dir='ltr'>nec</span> <span class='ocrx_word' id='word_1_53' title='bbox 483 709 658 758; x_wconf 85' lang='lat' dir='ltr'>prosunt</span> <span class='ocrx_word' id='word_1_54' title='bbox 683 700 882 756; x_wconf 81' lang='lat' dir='ltr'>Scythiae</span> <span class='ocrx_word' id='word_1_55' title='bbox 906 716 984 744; x_wconf 90' lang='lat' dir='ltr'>sua</span> <span class='ocrx_word' id='word_1_56' title='bbox 1006 701 1182 757; x_wconf 84' lang='lat' dir='ltr'>frigora:</span> <span class='ocrx_word' id='word_1_57' title='bbox 1208 700 1426 744; x_wconf 83' lang='lat' dir='ltr'>Caucasus</span> <span class='ocrx_word' id='word_1_58' title='bbox 1449 702 1570 745; x_wconf 88' lang='lat' dir='ltr'>ardet</span> 
     </span>
     <span class='ocr_line' id='line_1_12' title="bbox 293 757 1575 815; baseline -0.002 -10"><span class='ocrx_word' id='word_1_59' title='bbox 293 774 358 806; x_wconf 85' lang='grc'>225</span> <span class='ocrx_word' id='word_1_60' title='bbox 385 758 582 813; x_wconf 85' lang='lat' dir='ltr'>Ossaque</span> <span class='ocrx_word' id='word_1_61' title='bbox 607 773 704 800; x_wconf 88' lang='lat' dir='ltr'>cum</span> <span class='ocrx_word' id='word_1_62' title='bbox 726 757 865 799; x_wconf 87' lang='lat' dir='ltr'>Pindo</span> <span class='ocrx_word' id='word_1_63' title='bbox 889 758 1105 812; x_wconf 88' lang='lat' dir='ltr'>maiorque</span> <span class='ocrx_word' id='word_1_64' title='bbox 1130 758 1336 800; x_wconf 87' lang='lat' dir='ltr'>ambobus</span> <span class='ocrx_word' id='word_1_65' title='bbox 1361 757 1575 815; x_wconf 87' lang='lat' dir='ltr'>Olympus</span> 
     </span>
     <span class='ocr_line' id='line_1_13' title="bbox 383 814 1336 870; baseline -0.001 -13"><span class='ocrx_word' id='word_1_66' title='bbox 383 815 602 868; x_wconf 71' lang='lat' dir='ltr'>aeriaeque</span> <span class='ocrx_word' id='word_1_67' title='bbox 626 815 761 870; x_wconf 86' lang='lat' dir='ltr'>Alpes</span> <span class='ocrx_word' id='word_1_68' title='bbox 786 820 827 856; x_wconf 90' lang='lat' dir='ltr'>et</span> <span class='ocrx_word' id='word_1_69' title='bbox 849 814 1019 856; x_wconf 88' lang='lat' dir='ltr'>nubifer</span> <span class='ocrx_word' id='word_1_70' title='bbox 1041 814 1336 870; x_wconf 89' lang='lat' dir='ltr'>Appenninus.</span> 
     </span>
     <span class='ocr_line' id='line_1_14' title="bbox 382 869 1460 926; baseline 0.001 -13"><span class='ocrx_word' id='word_1_71' title='bbox 382 879 472 913; x_wconf 92' lang='lat' dir='ltr'>tum</span> <span class='ocrx_word' id='word_1_72' title='bbox 496 885 594 913; x_wconf 92' lang='lat' dir='ltr'>vero</span> <span class='ocrx_word' id='word_1_73' title='bbox 619 869 843 912; x_wconf 71' lang='lat' dir='ltr'>Phaethon</span> <span class='ocrx_word' id='word_1_74' title='bbox 867 870 1029 912; x_wconf 89' lang='lat' dir='ltr'>cunctis</span> <span class='ocrx_word' id='word_1_75' title='bbox 1054 885 1076 913; x_wconf 91' lang='lat' dir='ltr'>e</span> <span class='ocrx_word' id='word_1_76' title='bbox 1100 871 1289 926; x_wconf 87' lang='lat' dir='ltr'>partibus</span> <span class='ocrx_word' id='word_1_77' title='bbox 1313 871 1460 914; x_wconf 89' lang='lat' dir='ltr'>orbem</span> 
     </span>
     <span class='ocr_line' id='line_1_15' title="bbox 383 927 1418 983; baseline -0.001 -13"><span class='ocrx_word' id='word_1_78' title='bbox 383 928 532 983; x_wconf 79' lang='lat' dir='ltr'>aspicit</span> <span class='ocrx_word' id='word_1_79' title='bbox 555 941 779 969; x_wconf 89' lang='lat' dir='ltr'>accensum</span> <span class='ocrx_word' id='word_1_80' title='bbox 802 941 881 969; x_wconf 89' lang='lat' dir='ltr'>nec</span> <span class='ocrx_word' id='word_1_81' title='bbox 903 934 1041 969; x_wconf 89' lang='lat' dir='ltr'>tantos</span> <span class='ocrx_word' id='word_1_82' title='bbox 1066 927 1241 969; x_wconf 86' lang='lat' dir='ltr'>sustinet</span> <span class='ocrx_word' id='word_1_83' title='bbox 1264 935 1418 977; x_wconf 88' lang='lat' dir='ltr'>aestus,</span> 
     </span>
     <span class='ocr_line' id='line_1_16' title="bbox 382 983 1439 1039; baseline -0.001 -13"><span class='ocrx_word' id='word_1_84' title='bbox 382 985 675 1037; x_wconf 85' lang='lat' dir='ltr'>ferventesque</span> <span class='ocrx_word' id='word_1_85' title='bbox 700 998 822 1024; x_wconf 89' lang='lat' dir='ltr'>auras</span> <span class='ocrx_word' id='word_1_86' title='bbox 846 983 962 1025; x_wconf 91' lang='lat' dir='ltr'>velut</span> <span class='ocrx_word' id='word_1_87' title='bbox 987 998 1010 1025; x_wconf 93' lang='lat' dir='ltr'>e</span> <span class='ocrx_word' id='word_1_88' title='bbox 1033 983 1203 1026; x_wconf 86' lang='lat' dir='ltr'>fornace</span> <span class='ocrx_word' id='word_1_89' title='bbox 1226 983 1439 1039; x_wconf 87' lang='lat' dir='ltr'>profunda</span> 
     </span>
     <span class='ocr_line' id='line_1_17' title="bbox 293 1040 1417 1094; baseline -0.004 -7"><span class='ocrx_word' id='word_1_90' title='bbox 293 1055 359 1087; x_wconf 86' lang='grc'>230</span> <span class='ocrx_word' id='word_1_91' title='bbox 384 1055 454 1082; x_wconf 89' lang='lat' dir='ltr'>ore</span> <span class='ocrx_word' id='word_1_92' title='bbox 478 1040 604 1081; x_wconf 88' lang='lat' dir='ltr'>trahit</span> <span class='ocrx_word' id='word_1_93' title='bbox 629 1054 859 1094; x_wconf 85' lang='lat' dir='ltr'>currusque</span> <span class='ocrx_word' id='word_1_94' title='bbox 884 1054 980 1081; x_wconf 89' lang='lat' dir='ltr'>suos</span> <span class='ocrx_word' id='word_1_95' title='bbox 1005 1040 1255 1082; x_wconf 83' lang='lat' dir='ltr'>candescere</span> <span class='ocrx_word' id='word_1_96' title='bbox 1279 1040 1417 1082; x_wconf 88' lang='lat' dir='ltr'>sentit.</span> 
     </span>
     <span class='ocr_line' id='line_1_18' title="bbox 384 1095 1413 1150; baseline -0.001 -11"><span class='ocrx_word' id='word_1_97' title='bbox 384 1104 425 1139; x_wconf 90' lang='lat' dir='ltr'>et</span> <span class='ocrx_word' id='word_1_98' title='bbox 448 1111 584 1150; x_wconf 91' lang='lat' dir='ltr'>neque</span> <span class='ocrx_word' id='word_1_99' title='bbox 608 1096 691 1138; x_wconf 85' lang='lat' dir='ltr'>iam</span> <span class='ocrx_word' id='word_1_100' title='bbox 716 1096 875 1138; x_wconf 91' lang='lat' dir='ltr'>cineres</span> <span class='ocrx_word' id='word_1_101' title='bbox 901 1096 1203 1150; x_wconf 84' lang='lat' dir='ltr'>eiectatamque</span> <span class='ocrx_word' id='word_1_102' title='bbox 1226 1095 1413 1138; x_wconf 87' lang='lat' dir='ltr'>favillam</span> 
     </span>
     <span class='ocr_line' id='line_1_19' title="bbox 383 1152 1537 1208; baseline 0.001 -14"><span class='ocrx_word' id='word_1_103' title='bbox 383 1153 492 1195; x_wconf 88' lang='lat' dir='ltr'>ferre</span> <span class='ocrx_word' id='word_1_104' title='bbox 517 1159 674 1208; x_wconf 85' lang='lat' dir='ltr'>potest,</span> <span class='ocrx_word' id='word_1_105' title='bbox 699 1152 919 1206; x_wconf 87' lang='lat' dir='ltr'>calidoque</span> <span class='ocrx_word' id='word_1_106' title='bbox 943 1152 1170 1194; x_wconf 88' lang='lat' dir='ltr'>involvitur</span> <span class='ocrx_word' id='word_1_107' title='bbox 1192 1152 1381 1208; x_wconf 89' lang='lat' dir='ltr'>undique</span> <span class='ocrx_word' id='word_1_108' title='bbox 1404 1152 1537 1203; x_wconf 89' lang='lat' dir='ltr'>fumo,</span> 
     </span>
     <span class='ocr_line' id='line_1_20' title="bbox 384 1208 1439 1265; baseline 0.001 -15"><span class='ocrx_word' id='word_1_109' title='bbox 384 1223 552 1263; x_wconf 90' lang='lat' dir='ltr'>quoque</span> <span class='ocrx_word' id='word_1_110' title='bbox 578 1216 644 1251; x_wconf 90' lang='lat' dir='ltr'>eat</span> <span class='ocrx_word' id='word_1_111' title='bbox 668 1216 741 1250; x_wconf 90' lang='lat' dir='ltr'>aut</span> <span class='ocrx_word' id='word_1_112' title='bbox 764 1208 838 1250; x_wconf 90' lang='lat' dir='ltr'>ubi</span> <span class='ocrx_word' id='word_1_113' title='bbox 862 1209 933 1257; x_wconf 89' lang='lat' dir='ltr'>sit,</span> <span class='ocrx_word' id='word_1_114' title='bbox 958 1209 1078 1264; x_wconf 90' lang='lat' dir='ltr'>picea</span> <span class='ocrx_word' id='word_1_115' title='bbox 1102 1209 1279 1265; x_wconf 90' lang='lat' dir='ltr'>caligine</span> <span class='ocrx_word' id='word_1_116' title='bbox 1303 1215 1439 1251; x_wconf 87' lang='lat' dir='ltr'>tectus</span> 
     </span>
     <span class='ocr_line' id='line_1_21' title="bbox 383 1265 1491 1320; baseline 0 -13"><span class='ocrx_word' id='word_1_117' title='bbox 383 1267 532 1313; x_wconf 88' lang='lat' dir='ltr'>nescit,</span> <span class='ocrx_word' id='word_1_118' title='bbox 559 1273 599 1307; x_wconf 90' lang='lat' dir='ltr'>et</span> <span class='ocrx_word' id='word_1_119' title='bbox 624 1265 794 1306; x_wconf 91' lang='lat' dir='ltr'>arbitrio</span> <span class='ocrx_word' id='word_1_120' title='bbox 818 1266 1037 1306; x_wconf 88' lang='lat' dir='ltr'>volucrum</span> <span class='ocrx_word' id='word_1_121' title='bbox 1060 1272 1251 1320; x_wconf 86' lang='lat' dir='ltr'>raptatur</span> <span class='ocrx_word' id='word_1_122' title='bbox 1274 1279 1491 1319; x_wconf 89' lang='lat' dir='ltr'>equorum.</span> 
     </span>
     <span class='ocr_line' id='line_1_22' title="bbox 293 1321 1527 1377; baseline -0.002 -10"><span class='ocrx_word' id='word_1_123' title='bbox 293 1336 357 1368; x_wconf 84' lang='lat'>235</span> <span class='ocrx_word' id='word_1_124' title='bbox 384 1322 588 1377; x_wconf 88' lang='lat' dir='ltr'>sanguine</span> <span class='ocrx_word' id='word_1_125' title='bbox 612 1329 703 1363; x_wconf 91' lang='lat' dir='ltr'>tum</span> <span class='ocrx_word' id='word_1_126' title='bbox 728 1321 903 1363; x_wconf 90' lang='lat' dir='ltr'>credunt</span> <span class='ocrx_word' id='word_1_127' title='bbox 925 1322 969 1362; x_wconf 92' lang='lat' dir='ltr'>in</span> <span class='ocrx_word' id='word_1_128' title='bbox 994 1335 1168 1376; x_wconf 87' lang='lat' dir='ltr'>corpora</span> <span class='ocrx_word' id='word_1_129' title='bbox 1191 1336 1355 1363; x_wconf 91' lang='lat' dir='ltr'>summa</span> <span class='ocrx_word' id='word_1_130' title='bbox 1376 1328 1527 1364; x_wconf 88' lang='lat' dir='ltr'>vocato</span> 
     </span>
     <span class='ocr_line' id='line_1_23' title="bbox 383 1378 1463 1433; baseline 0.001 -14"><span class='ocrx_word' id='word_1_131' title='bbox 383 1378 645 1433; x_wconf 88' lang='lat' dir='ltr'>Aethiopum</span> <span class='ocrx_word' id='word_1_132' title='bbox 668 1378 846 1433; x_wconf 89' lang='lat' dir='ltr'>populos</span> <span class='ocrx_word' id='word_1_133' title='bbox 868 1378 1038 1433; x_wconf 88' lang='lat' dir='ltr'>nigrum</span> <span class='ocrx_word' id='word_1_134' title='bbox 1061 1378 1238 1420; x_wconf 87' lang='lat' dir='ltr'>traxisse</span> <span class='ocrx_word' id='word_1_135' title='bbox 1262 1378 1463 1427; x_wconf 83' lang='lat' dir='ltr'>colorem3</span> 
     </span>
     <span class='ocr_line' id='line_1_24' title="bbox 383 1434 1396 1489; baseline 0.001 -14"><span class='ocrx_word' id='word_1_136' title='bbox 383 1442 473 1476; x_wconf 90' lang='lat' dir='ltr'>tum</span> <span class='ocrx_word' id='word_1_137' title='bbox 497 1434 610 1475; x_wconf 85' lang='lat' dir='ltr'>facta</span> <span class='ocrx_word' id='word_1_138' title='bbox 634 1441 695 1476; x_wconf 90' lang='lat' dir='ltr'>est</span> <span class='ocrx_word' id='word_1_139' title='bbox 719 1434 859 1489; x_wconf 86' lang='lat' dir='ltr'>Libye</span> <span class='ocrx_word' id='word_1_140' title='bbox 881 1434 1012 1489; x_wconf 89' lang='lat' dir='ltr'>raptis</span> <span class='ocrx_word' id='word_1_141' title='bbox 1035 1434 1252 1476; x_wconf 91' lang='lat' dir='ltr'>umoribus</span> <span class='ocrx_word' id='word_1_142' title='bbox 1277 1440 1396 1476; x_wconf 86' lang='lat' dir='ltr'>aestu</span> 
     </span>
     <span class='ocr_line' id='line_1_25' title="bbox 383 1490 1527 1546; baseline 0.002 -15"><span class='ocrx_word' id='word_1_143' title='bbox 383 1490 513 1532; x_wconf 88' lang='lat' dir='ltr'>arida.</span> <span class='ocrx_word' id='word_1_144' title='bbox 573 1498 662 1532; x_wconf 92' lang='lat' dir='ltr'>tum</span> <span class='ocrx_word' id='word_1_145' title='bbox 686 1490 897 1546; x_wconf 89' lang='lat' dir='ltr'>nymphae</span> <span class='ocrx_word' id='word_1_146' title='bbox 921 1490 1056 1546; x_wconf 89' lang='lat' dir='ltr'>passis</span> <span class='ocrx_word' id='word_1_147' title='bbox 1080 1490 1302 1544; x_wconf 88' lang='lat' dir='ltr'>fontesque</span> <span class='ocrx_word' id='word_1_148' title='bbox 1324 1491 1527 1545; x_wconf 83' lang='lat' dir='ltr'>lacusque</span> 
     </span>
     <span class='ocr_line' id='line_1_26' title="bbox 385 1547 1379 1601; baseline 0 -13"><span class='ocrx_word' id='word_1_149' title='bbox 385 1547 592 1589; x_wconf 88' lang='lat' dir='ltr'>deflevere</span> <span class='ocrx_word' id='word_1_150' title='bbox 617 1547 760 1588; x_wconf 89' lang='lat' dir='ltr'>comis.</span> <span class='ocrx_word' id='word_1_151' title='bbox 820 1547 982 1601; x_wconf 87' lang='lat' dir='ltr'>quaerit</span> <span class='ocrx_word' id='word_1_152' title='bbox 1005 1547 1182 1588; x_wconf 87' lang='lat' dir='ltr'>Boeotia</span> <span class='ocrx_word' id='word_1_153' title='bbox 1205 1547 1379 1596; x_wconf 91' lang='lat' dir='ltr'>Dircen,</span> 
     </span>
     <span class='ocr_line' id='line_1_27' title="bbox 293 1603 1456 1658; baseline -0.002 -11"><span class='ocrx_word' id='word_1_154' title='bbox 293 1617 359 1648; x_wconf 85' lang='grc'>240</span> <span class='ocrx_word' id='word_1_155' title='bbox 384 1604 526 1658; x_wconf 89' lang='lat' dir='ltr'>Argos</span> <span class='ocrx_word' id='word_1_156' title='bbox 551 1603 839 1658; x_wconf 89' lang='lat' dir='ltr'>Amymonen,</span> <span class='ocrx_word' id='word_1_157' title='bbox 864 1603 1038 1658; x_wconf 89' lang='lat' dir='ltr'>Ephyre</span> <span class='ocrx_word' id='word_1_158' title='bbox 1062 1603 1283 1646; x_wconf 88' lang='lat' dir='ltr'>Pirenidas</span> <span class='ocrx_word' id='word_1_159' title='bbox 1306 1603 1456 1645; x_wconf 88' lang='lat' dir='ltr'>undas.</span> 
     </span>
     <span class='ocr_line' id='line_1_28' title="bbox 383 1659 1306 1715; baseline 0.001 -14"><span class='ocrx_word' id='word_1_160' title='bbox 383 1674 462 1701; x_wconf 88' lang='lat' dir='ltr'>nec</span> <span class='ocrx_word' id='word_1_161' title='bbox 487 1660 632 1701; x_wconf 90' lang='lat' dir='ltr'>sortita</span> <span class='ocrx_word' id='word_1_162' title='bbox 655 1660 747 1701; x_wconf 92' lang='lat' dir='ltr'>loco</span> <span class='ocrx_word' id='word_1_163' title='bbox 772 1659 973 1702; x_wconf 89' lang='lat' dir='ltr'>distantes</span> <span class='ocrx_word' id='word_1_164' title='bbox 996 1659 1171 1701; x_wconf 90' lang='lat' dir='ltr'>flumina</span> <span class='ocrx_word' id='word_1_165' title='bbox 1193 1659 1306 1715; x_wconf 88' lang='lat' dir='ltr'>ripas</span> 
     </span>
     <span class='ocr_line' id='line_1_29' title="bbox 384 1715 1458 1758; baseline 0.002 -2"><span class='ocrx_word' id='word_1_166' title='bbox 384 1722 476 1757; x_wconf 91' lang='lat' dir='ltr'>tuta</span> <span class='ocrx_word' id='word_1_167' title='bbox 498 1723 688 1757; x_wconf 89' lang='lat' dir='ltr'>manent:</span> <span class='ocrx_word' id='word_1_168' title='bbox 713 1716 861 1757; x_wconf 90' lang='lat' dir='ltr'>mediis</span> <span class='ocrx_word' id='word_1_169' title='bbox 885 1716 1041 1757; x_wconf 89' lang='lat' dir='ltr'>Tanais</span> <span class='ocrx_word' id='word_1_170' title='bbox 1065 1715 1243 1757; x_wconf 89' lang='lat' dir='ltr'>fumavit</span> <span class='ocrx_word' id='word_1_171' title='bbox 1265 1715 1309 1757; x_wconf 89' lang='lat' dir='ltr'>in</span> <span class='ocrx_word' id='word_1_172' title='bbox 1333 1715 1458 1758; x_wconf 89' lang='lat' dir='ltr'>undis</span> 
     </span>
     <span class='ocr_line' id='line_1_30' title="bbox 382 1770 1390 1826; baseline 0.001 -14"><span class='ocrx_word' id='word_1_173' title='bbox 382 1771 636 1825; x_wconf 84' lang='lat' dir='ltr'>Peneusque</span> <span class='ocrx_word' id='word_1_174' title='bbox 661 1786 790 1813; x_wconf 89' lang='lat' dir='ltr'>senex</span> <span class='ocrx_word' id='word_1_175' title='bbox 813 1771 1209 1826; x_wconf 84' lang='lat' dir='ltr'>Teuthranteusque</span> <span class='ocrx_word' id='word_1_176' title='bbox 1234 1770 1390 1814; x_wconf 90' lang='lat' dir='ltr'>Caicus</span> 
     </span>
     <span class='ocr_line' id='line_1_31' title="bbox 384 1827 1420 1883; baseline -0.001 -13"><span class='ocrx_word' id='word_1_177' title='bbox 384 1834 426 1870; x_wconf 88' lang='lat' dir='ltr'>et</span> <span class='ocrx_word' id='word_1_178' title='bbox 450 1828 559 1869; x_wconf 90' lang='lat' dir='ltr'>celer</span> <span class='ocrx_word' id='word_1_179' title='bbox 581 1828 771 1869; x_wconf 84' lang='lat' dir='ltr'>Ismenos</span> <span class='ocrx_word' id='word_1_180' title='bbox 797 1842 893 1869; x_wconf 88' lang='lat' dir='ltr'>cum</span> <span class='ocrx_word' id='word_1_181' title='bbox 915 1827 1131 1882; x_wconf 86' lang='lat' dir='ltr'>Phegiaco</span> <span class='ocrx_word' id='word_1_182' title='bbox 1155 1827 1420 1883; x_wconf 85' lang='lat' dir='ltr'>Erymantho</span> 
     </span>
     <span class='ocr_line' id='line_1_32' title="bbox 293 1883 1552 1939; baseline -0.002 -11"><span class='ocrx_word' id='word_1_183' title='bbox 293 1897 358 1928; x_wconf 86' lang='grc'>245</span> <span class='ocrx_word' id='word_1_184' title='bbox 384 1898 636 1937; x_wconf 88' lang='lat' dir='ltr'>arsurusque</span> <span class='ocrx_word' id='word_1_185' title='bbox 660 1883 812 1925; x_wconf 90' lang='lat' dir='ltr'>iterum</span> <span class='ocrx_word' id='word_1_186' title='bbox 835 1883 1036 1926; x_wconf 86' lang='lat' dir='ltr'>Xanthus</span> <span class='ocrx_word' id='word_1_187' title='bbox 1060 1884 1279 1938; x_wconf 89' lang='lat' dir='ltr'>flavusque</span> <span class='ocrx_word' id='word_1_188' title='bbox 1303 1883 1552 1939; x_wconf 88' lang='lat' dir='ltr'>Lycormas,</span> 
     </span>
     <span class='ocr_line' id='line_1_33' title="bbox 383 1940 1433 1993; baseline 0.002 -13"><span class='ocrx_word' id='word_1_189' title='bbox 383 1940 539 1993; x_wconf 90' lang='lat' dir='ltr'>quique</span> <span class='ocrx_word' id='word_1_190' title='bbox 565 1940 795 1981; x_wconf 88' lang='lat' dir='ltr'>recurvatis</span> <span class='ocrx_word' id='word_1_191' title='bbox 818 1940 924 1981; x_wconf 88' lang='lat' dir='ltr'>ludit</span> <span class='ocrx_word' id='word_1_192' title='bbox 947 1940 1206 1982; x_wconf 88' lang='lat' dir='ltr'>Maeandrus</span> <span class='ocrx_word' id='word_1_193' title='bbox 1229 1940 1273 1982; x_wconf 91' lang='lat' dir='ltr'>in</span> <span class='ocrx_word' id='word_1_194' title='bbox 1295 1940 1433 1990; x_wconf 90' lang='lat' dir='ltr'>undis,</span> 
     </span>
     <span class='ocr_line' id='line_1_34' title="bbox 382 1995 1433 2051; baseline 0.002 -15"><span class='ocrx_word' id='word_1_195' title='bbox 382 1996 727 2051; x_wconf 86' lang='lat' dir='ltr'>Mygdoniusque</span> <span class='ocrx_word' id='word_1_196' title='bbox 750 1996 890 2037; x_wconf 84' lang='lat' dir='ltr'>Melas</span> <span class='ocrx_word' id='word_1_197' title='bbox 915 2003 956 2038; x_wconf 89' lang='lat' dir='ltr'>et</span> <span class='ocrx_word' id='word_1_198' title='bbox 981 1996 1213 2038; x_wconf 89' lang='lat' dir='ltr'>Taenarius</span> <span class='ocrx_word' id='word_1_199' title='bbox 1236 1995 1433 2038; x_wconf 87' lang='lat' dir='ltr'>Eurotas.</span> 
     </span>
     <span class='ocr_line' id='line_1_35' title="bbox 383 2051 1468 2107; baseline 0.001 -14"><span class='ocrx_word' id='word_1_200' title='bbox 383 2052 484 2093; x_wconf 86' lang='lat' dir='ltr'>arsit</span> <span class='ocrx_word' id='word_1_201' title='bbox 508 2060 548 2094; x_wconf 91' lang='lat' dir='ltr'>et</span> <span class='ocrx_word' id='word_1_202' title='bbox 573 2052 812 2107; x_wconf 88' lang='lat' dir='ltr'>Euphrates</span> <span class='ocrx_word' id='word_1_203' title='bbox 837 2052 1118 2107; x_wconf 88' lang='lat' dir='ltr'>Babylonius,</span> <span class='ocrx_word' id='word_1_204' title='bbox 1144 2053 1244 2094; x_wconf 87' lang='lat' dir='ltr'>arsit</span> <span class='ocrx_word' id='word_1_205' title='bbox 1269 2051 1468 2103; x_wconf 91' lang='lat' dir='ltr'>Orontes,</span> 
     </span>
     <span class='ocr_line' id='line_1_36' title="bbox 382 2107 1639 2164; baseline 0.002 -15"><span class='ocrx_word' id='word_1_206' title='bbox 382 2108 735 2161; x_wconf 87' lang='lat' dir='ltr'>Thermodonque</span> <span class='ocrx_word' id='word_1_207' title='bbox 760 2109 866 2150; x_wconf 91' lang='lat' dir='ltr'>citus</span> <span class='ocrx_word' id='word_1_208' title='bbox 892 2107 1152 2164; x_wconf 85' lang='lat' dir='ltr'>Gangesque</span> <span class='ocrx_word' id='word_1_209' title='bbox 1176 2116 1218 2151; x_wconf 92' lang='lat' dir='ltr'>et</span> <span class='ocrx_word' id='word_1_210' title='bbox 1239 2108 1392 2150; x_wconf 87' lang='lat' dir='ltr'>Phasis</span> <span class='ocrx_word' id='word_1_211' title='bbox 1417 2115 1459 2152; x_wconf 85' lang='lat' dir='ltr'>et</span> <span class='ocrx_word' id='word_1_212' title='bbox 1480 2108 1639 2152; x_wconf 86' lang='lat' dir='ltr'>Hister.</span> 
     </span>
     <span class='ocr_line' id='line_1_37' title="bbox 291 2164 1411 2220; baseline -0.002 -12"><span class='ocrx_word' id='word_1_213' title='bbox 291 2178 357 2210; x_wconf 86' lang='lat'>250</span> <span class='ocrx_word' id='word_1_214' title='bbox 383 2172 546 2206; x_wconf 89' lang='lat' dir='ltr'>aestuat</span> <span class='ocrx_word' id='word_1_215' title='bbox 570 2164 782 2219; x_wconf 91' lang='lat' dir='ltr'>Alpheus,</span> <span class='ocrx_word' id='word_1_216' title='bbox 807 2165 923 2220; x_wconf 88' lang='lat' dir='ltr'>ripae</span> <span class='ocrx_word' id='word_1_217' title='bbox 949 2164 1227 2220; x_wconf 74' lang='lat' dir='ltr'>Spercheides</span> <span class='ocrx_word' id='word_1_218' title='bbox 1251 2165 1411 2215; x_wconf 88' lang='lat' dir='ltr'>ardent,</span> 
     </span>
     <span class='ocr_line' id='line_1_38' title="bbox 381 2221 1768 2277; baseline 0.002 -16"><span class='ocrx_word' id='word_1_219' title='bbox 381 2221 578 2275; x_wconf 90' lang='lat' dir='ltr'>quodque</span> <span class='ocrx_word' id='word_1_220' title='bbox 603 2235 678 2262; x_wconf 90' lang='lat' dir='ltr'>suo</span> <span class='ocrx_word' id='word_1_221' title='bbox 703 2221 848 2276; x_wconf 86' lang='lat' dir='ltr'>Tagus</span> <span class='ocrx_word' id='word_1_222' title='bbox 874 2236 996 2263; x_wconf 87' lang='lat' dir='ltr'>amne</span> <span class='ocrx_word' id='word_1_223' title='bbox 1020 2221 1153 2271; x_wconf 88' lang='lat' dir='ltr'>vehit,</span> <span class='ocrx_word' id='word_1_224' title='bbox 1177 2221 1270 2263; x_wconf 88' lang='lat' dir='ltr'>fluit</span> <span class='ocrx_word' id='word_1_225' title='bbox 1291 2221 1481 2277; x_wconf 88' lang='lat' dir='ltr'>ignibus,</span> <span class='ocrx_word' id='word_1_226' title='bbox 1506 2235 1676 2264; x_wconf 81' lang='lat' dir='ltr'>aurum:</span> <span class='ocrx_word' id='word_1_227' title='bbox 1735 2237 1768 2258; x_wconf 64' lang='lat'>³:</span> 
     </span>
     <span class='ocr_line' id='line_1_39' title="bbox 380 2277 1432 2333; baseline 0.002 -15"><span class='ocrx_word' id='word_1_228' title='bbox 380 2284 422 2318; x_wconf 87' lang='lat' dir='ltr'>et</span> <span class='ocrx_word' id='word_1_229' title='bbox 445 2291 553 2331; x_wconf 90' lang='lat' dir='ltr'>quae</span> <span class='ocrx_word' id='word_1_230' title='bbox 577 2277 798 2318; x_wconf 86' lang='lat' dir='ltr'>Maeonias</span> <span class='ocrx_word' id='word_1_231' title='bbox 823 2277 1091 2319; x_wconf 89' lang='lat' dir='ltr'>celebrabant</span> <span class='ocrx_word' id='word_1_232' title='bbox 1114 2278 1297 2320; x_wconf 90' lang='lat' dir='ltr'>carmine</span> <span class='ocrx_word' id='word_1_233' title='bbox 1319 2278 1432 2333; x_wconf 88' lang='lat' dir='ltr'>ripas</span> 
     </span>
     <span class='ocr_line' id='line_1_40' title="bbox 379 2332 1412 2389; baseline 0.002 -16"><span class='ocrx_word' id='word_1_234' title='bbox 379 2333 603 2375; x_wconf 87' lang='lat' dir='ltr'>flumineae</span> <span class='ocrx_word' id='word_1_235' title='bbox 627 2334 837 2383; x_wconf 83' lang='lat' dir='ltr'>volucres,</span> <span class='ocrx_word' id='word_1_236' title='bbox 863 2333 1001 2375; x_wconf 90' lang='lat' dir='ltr'>medio</span> <span class='ocrx_word' id='word_1_237' title='bbox 1026 2334 1191 2376; x_wconf 89' lang='lat' dir='ltr'>caluere</span> <span class='ocrx_word' id='word_1_238' title='bbox 1216 2332 1412 2389; x_wconf 86' lang='lat' dir='ltr'>Caystro.</span> 
     </span>
     <span class='ocr_line' id='line_1_41' title="bbox 379 2389 1399 2446; baseline 0.002 -16"><span class='ocrx_word' id='word_1_239' title='bbox 379 2389 501 2430; x_wconf 88' lang='lat' dir='ltr'>Nilus</span> <span class='ocrx_word' id='word_1_240' title='bbox 526 2389 569 2430; x_wconf 94' lang='lat' dir='ltr'>in</span> <span class='ocrx_word' id='word_1_241' title='bbox 594 2397 827 2431; x_wconf 87' lang='lat' dir='ltr'>extremum</span> <span class='ocrx_word' id='word_1_242' title='bbox 852 2390 963 2445; x_wconf 82' lang='lat' dir='ltr'>fugit</span> <span class='ocrx_word' id='word_1_243' title='bbox 985 2391 1229 2446; x_wconf 90' lang='lat' dir='ltr'>perterritus</span> <span class='ocrx_word' id='word_1_244' title='bbox 1254 2390 1399 2432; x_wconf 84' lang='lat' dir='ltr'>orbem</span> 
     </span>
     <span class='ocr_line' id='line_1_42' title="bbox 290 2446 1603 2502; baseline 0 -14"><span class='ocrx_word' id='word_1_245' title='bbox 290 2457 355 2488; x_wconf 86' lang='grc'>255</span> <span class='ocrx_word' id='word_1_246' title='bbox 381 2446 645 2499; x_wconf 87' lang='lat' dir='ltr'>occuluitque</span> <span class='ocrx_word' id='word_1_247' title='bbox 671 2453 814 2501; x_wconf 85' lang='lat' dir='ltr'>caput:</span> <span class='ocrx_word' id='word_1_248' title='bbox 841 2446 955 2500; x_wconf 92' lang='lat' dir='ltr'>quod</span> <span class='ocrx_word' id='word_1_249' title='bbox 980 2446 1117 2488; x_wconf 90' lang='lat' dir='ltr'>adhuc</span> <span class='ocrx_word' id='word_1_250' title='bbox 1140 2447 1253 2488; x_wconf 88' lang='lat' dir='ltr'>latet.</span> <span class='ocrx_word' id='word_1_251' title='bbox 1312 2446 1419 2488; x_wconf 90' lang='lat' dir='ltr'>ostia</span> <span class='ocrx_word' id='word_1_252' title='bbox 1442 2453 1603 2502; x_wconf 90' lang='lat' dir='ltr'>septem</span> 
     </span>
     <span class='ocr_line' id='line_1_43' title="bbox 380 2502 1527 2557; baseline 0.003 -15"><span class='ocrx_word' id='word_1_253' title='bbox 380 2502 672 2556; x_wconf 87' lang='lat' dir='ltr'>pulverulenta</span> <span class='ocrx_word' id='word_1_254' title='bbox 695 2510 866 2552; x_wconf 86' lang='lat' dir='ltr'>vacant,</span> <span class='ocrx_word' id='word_1_255' title='bbox 890 2510 1050 2557; x_wconf 89' lang='lat' dir='ltr'>septem</span> <span class='ocrx_word' id='word_1_256' title='bbox 1075 2502 1164 2544; x_wconf 90' lang='lat' dir='ltr'>sine</span> <span class='ocrx_word' id='word_1_257' title='bbox 1187 2502 1359 2545; x_wconf 89' lang='lat' dir='ltr'>flumine</span> <span class='ocrx_word' id='word_1_258' title='bbox 1383 2503 1527 2545; x_wconf 81' lang='lat' dir='ltr'>valles.</span> 
     </span>
     <span class='ocr_line' id='line_1_44' title="bbox 380 2558 1648 2614; baseline 0.003 -16"><span class='ocrx_word' id='word_1_259' title='bbox 380 2558 467 2598; x_wconf 88' lang='lat' dir='ltr'>fors</span> <span class='ocrx_word' id='word_1_260' title='bbox 492 2558 640 2599; x_wconf 85' lang='lat' dir='ltr'>eadem</span> <span class='ocrx_word' id='word_1_261' title='bbox 663 2558 880 2608; x_wconf 88' lang='lat' dir='ltr'>Ismarios,</span> <span class='ocrx_word' id='word_1_262' title='bbox 906 2559 1101 2600; x_wconf 91' lang='lat' dir='ltr'>Hebrum</span> <span class='ocrx_word' id='word_1_263' title='bbox 1125 2574 1222 2600; x_wconf 89' lang='lat' dir='ltr'>cum</span> <span class='ocrx_word' id='word_1_264' title='bbox 1247 2558 1493 2614; x_wconf 88' lang='lat' dir='ltr'>Strymone,</span> <span class='ocrx_word' id='word_1_265' title='bbox 1517 2559 1648 2602; x_wconf 88' lang='lat' dir='ltr'>siccat</span> 
     </span>
     <span class='ocr_line' id='line_1_45' title="bbox 378 2613 1774 2676; baseline 0.001 -22"><span class='ocrx_word' id='word_1_266' title='bbox 378 2613 695 2668; x_wconf 86' lang='lat' dir='ltr'>Hesperiosque</span> <span class='ocrx_word' id='word_1_267' title='bbox 719 2629 876 2664; x_wconf 88' lang='lat' dir='ltr'>amnes,</span> <span class='ocrx_word' id='word_1_268' title='bbox 901 2614 1098 2656; x_wconf 88' lang='lat' dir='ltr'>Rhenum</span> <span class='ocrx_word' id='word_1_269' title='bbox 1116 2615 1454 2669; x_wconf 85' lang='lat' dir='ltr'>Rhodanumque</span> <span class='ocrx_word' id='word_1_270' title='bbox 1469 2615 1774 2676; x_wconf 56' lang='lat' dir='ltr'>Padumque,&#39;}</span> 
     </span>
     <span class='ocr_line' id='line_1_46' title="bbox 379 2668 1774 2727; baseline 0.003 -18"><span class='ocrx_word' id='word_1_271' title='bbox 379 2669 531 2722; x_wconf 89' lang='lat' dir='ltr'>cuique</span> <span class='ocrx_word' id='word_1_272' title='bbox 554 2669 634 2711; x_wconf 90' lang='lat' dir='ltr'>fuit</span> <span class='ocrx_word' id='word_1_273' title='bbox 656 2685 796 2712; x_wconf 89' lang='lat' dir='ltr'>rerum</span> <span class='ocrx_word' id='word_1_274' title='bbox 820 2672 1024 2725; x_wconf 89' lang='lat' dir='ltr'>promissa</span> <span class='ocrx_word' id='word_1_275' title='bbox 1047 2671 1250 2727; x_wconf 89' lang='lat' dir='ltr'>potentia,</span> <span class='ocrx_word' id='word_1_276' title='bbox 1275 2671 1495 2726; x_wconf 89' lang='lat' dir='ltr'>Thybrim.</span> <span class='ocrx_word' id='word_1_277' title='bbox 1741 2668 1774 2687; x_wconf 33' lang='grc' dir='ltr'>’Ἥ</span> 
     </span>
     <span class='ocr_line' id='line_1_47' title="bbox 287 2725 1561 2782; baseline 0.003 -17"><span class='ocrx_word' id='word_1_278' title='bbox 287 2737 355 2770; x_wconf 81' lang='lat'>260</span> <span class='ocrx_word' id='word_1_279' title='bbox 381 2725 531 2766; x_wconf 90' lang='lat' dir='ltr'>dissilit</span> <span class='ocrx_word' id='word_1_280' title='bbox 554 2740 677 2767; x_wconf 90' lang='lat' dir='ltr'>omne</span> <span class='ocrx_word' id='word_1_281' title='bbox 702 2727 854 2776; x_wconf 86' lang='lat' dir='ltr'>solum,</span> <span class='ocrx_word' id='word_1_282' title='bbox 881 2735 1155 2782; x_wconf 90' lang='lat' dir='ltr'>penetratque</span> <span class='ocrx_word' id='word_1_283' title='bbox 1177 2728 1221 2769; x_wconf 92' lang='lat' dir='ltr'>in</span> <span class='ocrx_word' id='word_1_284' title='bbox 1244 2727 1423 2769; x_wconf 86' lang='lat' dir='ltr'>Tartara</span> <span class='ocrx_word' id='word_1_285' title='bbox 1444 2727 1561 2770; x_wconf 87' lang='lat' dir='ltr'>rimis</span> 
     </span>
     <span class='ocr_line' id='line_1_48' title="bbox 377 2781 1475 2839; baseline 0.002 -15"><span class='ocrx_word' id='word_1_286' title='bbox 377 2781 521 2824; x_wconf 86' lang='lat' dir='ltr'>lumen</span> <span class='ocrx_word' id='word_1_287' title='bbox 547 2788 587 2824; x_wconf 91' lang='lat' dir='ltr'>et</span> <span class='ocrx_word' id='word_1_288' title='bbox 610 2781 821 2824; x_wconf 86' lang='lat' dir='ltr'>infernum</span> <span class='ocrx_word' id='word_1_289' title='bbox 846 2790 972 2825; x_wconf 90' lang='lat' dir='ltr'>terret</span> <span class='ocrx_word' id='word_1_290' title='bbox 995 2797 1091 2825; x_wconf 91' lang='lat' dir='ltr'>cum</span> <span class='ocrx_word' id='word_1_291' title='bbox 1117 2784 1294 2839; x_wconf 89' lang='lat' dir='ltr'>coniuge</span> <span class='ocrx_word' id='word_1_292' title='bbox 1318 2798 1475 2839; x_wconf 87' lang='lat' dir='ltr'>regem.</span> 
     </span>
    </p>
   </div>
   <div class='ocr_carea' id='block_1_5' title="bbox 1718 243 1772 1302">
    <p class='ocr_par' dir='ltr' id='par_1_5' title="bbox 1718 243 1772 1302">
     <span class='ocr_line' id='line_1_49' title="bbox 1718 515 1731 1209; textangle 90"><span class='ocrx_word' id='word_1_293' title='bbox 1718 1208 1723 1209; x_wconf 60' lang='lat'>¹</span> <span class='ocrx_word' id='word_1_294' title='bbox 1719 808 1730 821; x_wconf 54' lang='lat' dir='ltr'>lx</span> <span class='ocrx_word' id='word_1_295' title='bbox 1728 708 1730 710; x_wconf 96' lang='lat'>.</span> <span class='ocrx_word' id='word_1_296' title='bbox 1730 515 1731 518; x_wconf 37' lang='grc' dir='ltr'><em>Α</em></span> 
     </span>
     <span class='ocr_line' id='line_1_50' title="bbox 1724 243 1772 1302; textangle 90"><span class='ocrx_word' id='word_1_297' title='bbox 1724 1090 1770 1302; x_wconf 46' lang='lat' dir='ltr'>J‘gssssffi*</span> <span class='ocrx_word' id='word_1_298' title='bbox 1735 962 1772 1078; x_wconf 46' lang='grc' dir='ltr'>’5ἕῖἷῇᾏέ</span> <span class='ocrx_word' id='word_1_299' title='bbox 1749 868 1761 877; x_wconf 49' lang='lat'>*2</span> <span class='ocrx_word' id='word_1_300' title='bbox 1749 810 1768 850; x_wconf 55' lang='lat' dir='ltr'>rm</span> <span class='ocrx_word' id='word_1_301' title='bbox 1734 751 1769 766; x_wconf 42' lang='lat' dir='ltr'><em>s</em></span> <span class='ocrx_word' id='word_1_302' title='bbox 1745 582 1763 647; x_wconf 49' lang='lat' dir='ltr'>&gt;2ss³*</span> <span class='ocrx_word' id='word_1_303' title='bbox 1727 473 1761 569; x_wconf 47' lang='lat' dir='ltr'>*ffflffi</span> <span class='ocrx_word' id='word_1_304' title='bbox 1757 425 1762 434; x_wconf 82' lang='lat'>-</span> <span class='ocrx_word' id='word_1_305' title='bbox 1763 307 1765 310; x_wconf 85' lang='grc'><em>,</em></span> <span class='ocrx_word' id='word_1_306' title='bbox 1737 243 1741 251; x_wconf 71' lang='grc'><strong>”</strong></span> 
     </span>
    </p>
   </div>
   <div class='ocr_carea' id='block_1_6' title="bbox 1728 1298 1769 1530">
    <p class='ocr_par' dir='ltr' id='par_1_6' title="bbox 1728 1298 1770 1570">
     <span class='ocr_line' id='line_1_51' title="bbox 1728 1298 1769 1530; textangle 90"><span class='ocrx_word' id='word_1_307' title='bbox 1728 1380 1770 1530; x_wconf 28' lang='lat' dir='ltr'>“admirati</span> <span class='ocrx_word' id='word_1_308' title='bbox 1742 1298 1769 1367; x_wconf 46' lang='lat'>‘5313</span> 
     </span>
    </p>
   </div>
   <div class='ocr_carea' id='block_1_7' title="bbox 1750 1718 1774 2013">
    <p class='ocr_par' dir='ltr' id='par_1_7' title="bbox 1750 1718 1774 2013">
     <span class='ocr_line' id='line_1_52' title="bbox 1750 1718 1774 2013; baseline 0 1243"><span class='ocrx_word' id='word_1_309' title='bbox 1750 1718 1774 2013; x_wconf 95' lang='lat' dir='ltr'> </span> 
     </span>
    </p>
   </div>
   <div class='ocr_carea' id='block_1_8' title="bbox 1733 2708 1774 3256">
    <p class='ocr_par' dir='ltr' id='par_1_8' title="bbox 1733 2708 1774 3256">
     <span class='ocr_line' id='line_1_53' title="bbox 1733 2708 1774 3256; textangle 90"><span class='ocrx_word' id='word_1_310' title='bbox 1733 2822 1774 3256; x_wconf 46' lang='lat' dir='ltr'>max-raanamffls-Js</span> <span class='ocrx_word' id='word_1_311' title='bbox 1747 2708 1757 2715; x_wconf 66' lang='lat'>²</span> 
     </span>
    </p>
   </div>
  </div>
 </body>
</html>
