1786 3242
301 284 796 323 METAMORPHOSEON
818 284 916 321 LIB.
942 284 1027 321 XV.
1053 284 1224 321 53—140.

26 425 30 427 μ
75 367 236 413 fetibus
259 367 447 411 arboreis
471 374 531 418 et,
555 381 662 423 quas
686 366 841 409 humus
865 365 1036 418 educat,
1061 364 1202 409 herbis

75 424 296 469 fortunata
317 423 418 474 fuit,
441 438 522 467 nec
545 423 696 481 polluit
719 438 794 466 ora
817 437 980 466 eruore.

77 490 182 525 tunc
204 487 248 524 et
270 495 372 524 aves
395 488 514 524 tutae
537 495 708 524 movere
731 495 808 537 per
831 483 930 523 aera
953 494 1128 536 pennas,

74 545 124 582 et
144 537 266 595 lepus
287 537 530 594 impavidus
553 537 704 581 mediis
729 537 884 580 erravit
906 536 951 579 in
975 537 1101 587 arvis,

35 633 38 636 Δ
77 608 159 638 nec
180 609 260 637 sua
283 594 510 638 credulitas
533 593 695 650 piscem
718 593 996 650 suspenderat
1019 593 1165 636 hamo:

30 703 31 706 Ἴ
74 658 232 695 cuncta
254 650 346 694 sine
367 649 530 693 insidiis
552 650 799 705 nullamque
823 650 1015 693 timentia
1037 650 1233 692 fraudem

77 707 291 765 plenaque
311 707 431 764 pacis
454 713 589 750 erant.
648 715 875 763 postquam
898 721 984 748 non
1007 707 1121 749 utilis
1146 714 1295 749 auctor

28 786 32 787 ⁷
74 763 262 808 victibus
284 763 455 814 invidit,
479 763 672 818 quisquis
696 763 779 805 fuit
801 762 890 813 ille,
915 763 1097 819 piorum,

34 827 35 830 ’
73 834 388 888 corporeasque
411 819 543 877 dapes
567 819 738 862 avidam
762 819 962 862 demersit
986 819 1031 861 in
1055 820 1212 870 alvum,

75 877 179 922 fecit
201 877 282 921 iter
305 876 466 920 sceleri.
525 876 748 933 primaque
772 891 795 919 e
820 876 950 919 caede
974 876 1162 918 ferarum

24 950 38 991 ᾗ
74 933 304 978 incaluisse
327 941 452 991 putes
475 933 738 976 maculatum
761 933 968 990 sanguine
992 932 1173 975 sermm:

75 990 207 1047 idque
230 991 332 1034 satis
355 990 514 1040 fuerat,
537 997 814 1045 nostrumque
836 989 1024 1046 petentia
1046 989 1180 1032 letum

73 1061 255 1104 corpora
277 1047 408 1090 missa
429 1046 525 1090 neci
547 1047 666 1089 salva
688 1046 846 1103 pietate
869 1045 1066 1088 fatemur.

36 1113 46 1140 '1
72 1103 153 1148 sed
176 1118 308 1170 quam
330 1103 472 1146 danda
493 1103 608 1153 neci,
633 1110 721 1146 tam
744 1116 831 1145 non
855 1103 1068 1159 epulanda
1091 1102 1275 1146 fuerunt.

29 1194 33 1199 .
72 1160 246 1218 longms
266 1160 367 1204 inde
389 1159 512 1203 nefas
536 1159 658 1211 abiit,
683 1166 726 1202 et
748 1159 886 1216 prima
909 1167 1083 1216 putatur

2 1271 3 1274 Ἴ
39 1244 42 1246 v
75 1216 215 1261 hostia
237 1232 310 1260 sus
333 1217 538 1260 meruisse
562 1216 691 1267 mori,
715 1216 818 1271 quia
842 1217 1004 1259 semina
1027 1216 1169 1273 pando

30 1286 32 1290 ·
71 1281 245 1318 eruerat
266 1282 403 1317 rostro
426 1287 633 1330 spemque
655 1273 939 1330 interceperat
962 1274 1081 1324 anni;

3 1325 32 1387 ⁷ng
75 1330 161 1374 vit-e
185 1345 313 1387 caper
336 1344 478 1373 morsa
499 1329 663 1373 Bacchi
685 1338 894 1373 mactatus
920 1330 975 1372 ad
999 1346 1093 1373 aras

4 1387 34 1407 ⁵⁴
71 1386 420 1431 dicitur-ultoris:
443 1387 590 1430 nocuit
611 1402 691 1430 sua
714 1387 841 1443 culpa
865 1387 1046 1430 duobus.

10 1446 19 1450 “
71 1444 180 1500 quid
202 1443 434 1495 meruistis,
460 1457 582 1494 oves,
606 1443 822 1500 placidum
846 1458 978 1500 pecus
1002 1444 1131 1500 inque
1155 1444 1335 1487 tuendos

72 1508 225 1544 natum
247 1500 460 1551 homines,
484 1501 610 1557 pleno
633 1514 744 1555 quae
768 1500 887 1543 fertis
911 1501 955 1543 in
979 1500 1110 1544 ubere
1134 1508 1292 1551 nectar,

11 1574 31 1610 (τ
72 1557 220 1600 mollia
243 1571 355 1612 quae
377 1556 501 1600 nobis
525 1564 687 1600 vestras
710 1557 924 1600 velamina
945 1558 1065 1600 lanas

19 1615 21 1618 ’
72 1613 288 1672 praebetis
311 1613 484 1669 vitaque
506 1613 645 1670 magis
669 1628 798 1669 quam
822 1622 957 1657 morte
980 1614 1162 1657 iuvatis?

11 1673 33 1714 Q
71 1670 181 1727 quid
203 1685 397 1714 meruere
421 1670 571 1722 boves,
596 1670 753 1713 animal
777 1671 867 1714 sine
892 1671 1043 1714 fraude
1068 1672 1274 1727 dolisque,

7 1763 8 1766 ,
48 1726 328 1778 innocuum,
353 1727 552 1784 simplex,
576 1735 724 1769 natum
748 1728 927 1771 tolerare
951 1728 1144 1771 labores?

17 1795 33 1826 2³
72 1784 298 1827 immemor
320 1790 386 1828 est
410 1783 585 1827 demum
607 1798 688 1827 nee
711 1783 887 1841 frugum
910 1800 1086 1827 munere
1111 1785 1280 1841 dignus,

36 1848 39 1858 '
71 1840 149 1896 qui
170 1840 310 1897 potuit
332 1840 452 1883 curvi
475 1840 647 1897 dempto
671 1840 798 1883 modo
822 1842 1010 1897 pondere
1035 1843 1163 1884 aratri

19 1903 35 1935 ’τ
73 1896 301 1940 ruricolam
324 1905 511 1940 mactare
535 1912 681 1948 suum,
707 1897 782 1952 qui
805 1898 904 1941 trita
926 1898 1073 1941 labore

72 1953 165 2005 illa,
188 1953 344 2010 quibus
367 1954 522 1998 totiens
546 1954 700 1996 durum
724 1962 1003 1998 renovaverat
1026 1971 1189 2007 arvum,

70 2017 138 2054 tot
161 2008 337 2054 dederat
358 2025 538 2062 messes,
563 2011 772 2067 percussit
797 2011 906 2054 colla
930 2012 1082 2055 securi.

16 2068 39 2127 3
73 2081 154 2111 nec
177 2067 280 2110 satis
304 2075 387 2117 est,
411 2067 528 2122 quod
550 2068 635 2110 tale
658 2067 780 2110 nefas
805 2069 1098 2111 committitur:
1123 2069 1238 2126 ipsos

14 2130 33 2186 ξ
71 2123 326 2180 inscripsere
350 2123 453 2167 deos
477 2124 646 2175 sceleri,
669 2139 915 2180 numenque
940 2141 1172 2182 supernum

0 2182 38 2247 3
71 2179 206 2223 caede
227 2180 445 2224 laboriferi
467 2180 646 2223 credunt
668 2181 857 2238 gaudere
880 2181 1062 2225 iuvenci.

0 2240 1 2254 ³
23 2239 40 2292 {s
73 2236 247 2280 victima
269 2236 367 2280 labe
391 2251 540 2280 carens
565 2245 607 2280 et
630 2239 993 2294 praestantissima
1017 2239 1155 2282 forma

16 2288 34 2347 f
71 2291 194 2348 (nam
216 2293 428 2350 placuisse
451 2294 597 2347 nocet)
620 2294 737 2337 vittis
761 2295 940 2351 insignis
967 2303 1009 2339 et
1033 2311 1136 2338 auro

73 2349 235 2393 sistitur
257 2357 356 2394 ante
379 2365 475 2393 aras
498 2351 701 2406 auditque
726 2351 876 2408 ignara
899 2361 1145 2408 precantem

73 2405 320 2463 imponique
344 2422 448 2450 suae
472 2407 588 2450 videt
611 2408 723 2451 inter
747 2423 906 2451 cornua
929 2409 1072 2460 fronti,

12 2460 49 2501 ἦ
72 2477 182 2519 quas
205 2463 350 2515 coluit,
374 2464 541 2521 fruges,
565 2479 853 2521 percussaque
878 2466 1084 2523 sanguine
1109 2467 1266 2510 cultros

72 2518 206 2562 inficit
227 2519 272 2562 in
295 2519 457 2576 liquida
480 2521 698 2578 praevisos
722 2521 900 2565 forsitan
923 2523 1051 2566 unda.

13 2582 18 2587 '
73 2576 267 2642 protinus
291 2583 458 2634 ereptas
482 2577 641 2621 viventi
665 2586 836 2635 pectore
859 2579 989 2622 fibras

24 2683 26 2686 Α
72 2647 140 2675 ms
170 2632 304 2676 iciunt
325 2641 575 2690 mentesque
601 2635 728 2678 deum
752 2643 995 2679 scrutantur
1017 2636 1062 2680 in
1085 2637 1181 2680 illis.

15 2674 42 2743 ξ’
73 2703 133 2731 un
164 2703 188 2732 e
211 2689 348 2734 fames
371 2690 532 2733 homini
556 2691 783 2734 vetitorum
808 2700 926 2736 tanta
950 2694 1142 2736 ciborum
1169 2695 1258 2738 est?

25 2751 43 2795 ξῗ
72 2745 239 2789 audetis
262 2747 399 2799 vesci,
423 2762 560 2805 genus
584 2763 610 2790 o
634 2749 837 2792 mortale?
872 2750 1006 2805 quod,
1031 2766 1118 2802 oro,

16 2807 45 2872 3}
71 2815 128 2846 ne
150 2801 297 2854 facite,
321 2811 363 2847 et
385 2804 556 2848 monitis
581 2805 744 2849 animos
769 2806 974 2852 advertite
998 2808 1171 2851 nostris:

27 2871 45 2904 ςῗ.
67 2903 90 2908 .-
142 2868 230 2898 ovidio·
243 2869 294 2899 vol.
307 2870 347 2898 ΙΙ.
1177 2876 1221 2911 17

25 2922 47 3014 ξ

27 2998 52 3194 Ξ

25 3200 54 3242 s

1370 273 1453 317 257

1483 493 1546 524 100

1484 834 1547 866 105

1484 1117 1548 1148 110

1483 1401 1547 1433 115

1482 1686 1548 1718 120

1482 1971 1546 2002 125

1482 2256 1548 2288 130

1482 2539 1547 2571 135

1480 2824 1546 2855 140
