1774 3256
296 257 790 298 HETAMORPHOSEON
810 259 1221 298 LIB.1V.536-623.
1390 253 1446 297 69

123 340 127 343 ’
194 351 206 374 ³
233 338 249 387 ⁵,
296 338 383 384 iam
406 348 581 384 restant.
638 355 749 397 quae
771 350 951 392 restant,
976 342 1175 386 bracchia
1198 342 1348 394 tendit,
1469 358 1539 391 580

136 404 141 412 ’
163 395 167 402 ’
240 415 244 426 ι
270 420 272 428 ι
310 410 436 464 per
445 397 587 440 adhuc
609 397 798 442 humana
820 398 1050 442 fluentibus
1073 414 1150 442 ora

182 503 215 506 Η
291 466 320 497 o
342 453 550 505 coniunx,
571 455 745 505 accede,
770 455 1024 499 miserrima’
1050 456 1172 507 dixit,

135 502 199 567 ff
268 509 464 566 aliquid
488 518 681 567 superest
705 511 759 555 de
782 527 872 563 me,
895 527 966 556 me
988 520 1138 570 tange,
1160 528 1422 570 manumque

148 613 160 630 ,ἡ
187 610 191 615 ,
219 596 241 646 ,
260 542 366 611 dum
387 581 540 610 manus
563 575 641 618 est,
665 567 769 611 dum
791 583 877 611 non
900 576 1039 616 totum
1061 579 1243 627 occupat
1266 571 1500 628 anguis—

126 621 150 638 ‘²
280 637 339 667 ιιι
361 623 455 666 vult
477 624 602 681 plura
622 599 760 680 loqui,
785 625 860 668 sed
883 626 1031 682 lingua
1053 635 1228 683 repente
1468 643 1537 676 585

268 686 368 724 est
389 679 492 724 fissa
513 681 640 732 duas,
663 696 744 724 nec
766 682 898 724 verba
921 683 1080 725 volenti

225 743 310 789 ιι,
332 737 614 804 quotiensque
637 737 803 793 aliquos
826 747 948 795 parat
972 739 1098 783 edere
1122 747 1312 796 questus,

138 844 161 850 ‘-
216 792 366 838 Ἰιιιο
386 793 449 837 illi
472 808 621 838 vocem
643 803 798 838 natura
819 793 1004 851 reliquit.

207 865 340 895 nanu
361 850 518 895 feriens
542 851 752 894 exclamat
774 860 948 919 pectora
971 852 1157 895 coniunx

58 899 65 911 ’
115 915 144 964 122
244 937 277 959 ,
297 922 438 959 mane,
461 915 608 975 teque,
631 907 800 959 infelix,
823 908 890 952 his
914 924 1024 952 exue
1047 910 1264 953 monstris!
1468 926 1537 959 590

114 960 162 1014 Ὕ-
272 964 378 1021 quid
399 963 507 1008 hoc?
529 964 604 1008 ubi
627 965 729 1022 pes?
751 940 827 1008 ubi
850 973 951 1008 sunt
972 966 1194 1021 umerique
1218 982 1456 1024 manusque

117 1022 130 1043 ²
147 1032 175 1073 'g
200 1042 218 1058 .ι
272 1029 316 1066 et
336 1021 470 1066 facies
493 1029 556 1072 et,
580 1022 683 1064 dum
705 1022 871 1078 loquor,
895 1023 1062 1074 omnia?
1085 1038 1162 1066 cur
1183 1039 1270 1066 non

115 1089 350 1146 quoque,
373 1079 631 1130 caelestes,‘
618 1095 663 1122 m
686 1079 867 1123 eandem
890 1080 1052 1123 vertitis
1076 1081 1305 1137 anguemP'

301 1135 374 1180 ille
397 1149 501 1180 suae
523 1135 741 1180 lambebat
764 1136 958 1193 coniugis
982 1152 1058 1180 ora

183 1191 338 1237 sinus
358 1206 500 1244 caros,
522 1193 655 1237 veluti
679 1202 973 1250 cognosceret,
996 1194 1086 1236 ibat
1466 1209 1534 1243 595

201 1271 209 1287 ·
229 1271 231 1274 ·
220 1249 508 1318 amplexus
532 1257 788 1307 assuetaque
812 1251 922 1294 eolla
944 1251 1130 1308 petebat.

232 1306 400 1350 adest
421 1305 620 1362 (aderant
642 1307 837 1375 comites)
860 1315 1055 1351 terretur.
1114 1315 1157 1351 at
1179 1308 1256 1352 illa

248 1363 486 1421 permulcet
509 1364 668 1408 cristati
691 1365 801 1408 colla
824 1365 1038 1416 draconis;

80 1419 272 1465 mbrto
294 1420 382 1464 duo
404 1428 506 1464 suxit
525 1418 764 1477 iunctoque
778 1422 993 1465 volumine
1017 1429 1206 1479 serpunt,

186 1477 269 1520 in
291 1477 475 1535 appositi
495 1478 681 1522 nemoris
705 1478 875 1522 subiere
897 1479 1096 1522 latebras.
1466 1495 1534 1528 600

164 1547 372 1590 quoque
394 1549 476 1579 nec
497 1535 672 1602 fugiunt
694 1535 910 1579 hominem
933 1551 1013 1579 nec
1035 1536 1210 1579 vulnere
1233 1536 1428 1581 laedunt.

176 1605 253 1635 oue
275 1591 395 1648 prius
415 1591 593 1642 fuerint,
617 1592 774 1649 placidi
797 1593 1027 1636 meminere
1052 1593 1272 1637 dracones.

78 1645 211 1694 Sed
233 1655 378 1701 tamen
401 1649 611 1692 ambobus
633 1664 782 1693 versae
807 1650 966 1693 solacia
987 1650 1152 1693 formae
1369 1663 1529 1698 Perseus.

86 1710 87 1718 ¹
90 1726 153 1782 ,ι
175 1726 180 1742 ι
201 1726 205 1740 «-
240 1719 376 1762 nepos
398 1704 558 1757 fuerat,
581 1720 711 1761 quem
734 1706 946 1750 debellata
970 1707 1137 1750 colebat

104 1762 795 1876 Afflmmboelebmbat
818 1763 1193 1863 echaiadtemplis.
1462 1780 1528 1812 605

421 1834 468 1863 es
490 1834 517 1863 a
569 1834 734 1863 orimne
758 1834 828 1863 cre
847 1836 899 1863 us
923 1836 974 1864 ea
1005 1836 1074 1864 em

176 1875 220 1913 .ιίι
244 1911 247 1913 .
278 1883 492 1934 superest,
515 1875 591 1932 qui
613 1877 838 1920 moenibus
862 1885 1004 1920 arceat
1027 1878 1145 1920 urbis

181 1931 291 1977 ι’ωθ
312 1939 546 1990 contraque
569 1933 698 1977 deum
721 1933 830 1978 ferat
855 1949 974 1977 arma
996 1949 1219 2001 genusque

129 1953 291 2048 juset
310 2005 406 2035 esse
426 1990 558 2034 Iovis.
614 2004 757 2047 neque
781 1991 895 2034 enim
918 1991 1034 2034 Iovis
1059 2007 1152 2035 esse
1176 1993 1356 2049 putabat

139 2074 159 2087 ““
179 2047 567 2148 (ὲῗῖἐὲἷέἲὲ
584 2047 740 2160 ῗιέἲξ
752 2056 1216 2161 0⁰3¹¹0533521333³52r1>
1460 2064 1528 2098 ⁶¹⁰

86 2160 91 2163 ’
126 2160 350 2254 ¹violasse
372 2161 524 2213 deum,
546 2176 677 2229 quam
699 2177 787 2205 non
810 2121 993 2219 agnosse
1015 2171 1214 2219 nepotem

66 2220 75 2230 ⁴
212 2225 258 2262 t.
315 2218 541 2276 impositus
563 2219 650 2262 iam
674 2220 792 2263 caelo
818 2227 882 2263 est
905 2220 1030 2263 alter.
1056 2227 1100 2262 at
1124 2220 1231 2263 alter

82 2296 120 2336 4³³
142 2302 158 2311 -ι
189 2302 205 2312 -·
202 2274 427 2320 referens
451 2275 634 2333 spolium
657 2276 933 2319 memorabile
957 2277 1134 2319 monstri

21 2338 25 2350 ’·
69 2330 112 2368 ”“·”ῑ
138 2332 382 2430 carpebat
403 2340 599 2377 tenerum
622 2333 898 2376 stridentibus
922 2334 1012 2376 alis.
1458 2348 1525 2381 615

75 2433 90 2443 „
196 2403 241 2434 ιο
262 2404 394 2458 super
415 2389 605 2458 Libycas
628 2390 764 2434 victor
787 2390 991 2447 penderet
1014 2389 1208 2442 harenas,

78 2456 90 2465 “
129 2468 132 2477 ι
189 2446 278 2491 nei
301 2447 451 2505 eapitis
473 2454 623 2504 guttae
646 2446 837 2491 cecidere
862 2454 1075 2514 cruentae,

139 2503 342 2548 humus
365 2512 566 2572 exceptas
589 2504 729 2547 varios
753 2504 957 2546 animavit
979 2503 1024 2546 in
1048 2519 1230 2561 angues,

141 2560 395 2628 -frequens
417 2560 492 2604 illa
514 2568 579 2604 est
601 2560 843 2616 infestaque
866 2568 978 2603 terra
1002 2561 1201 2604 colubris.

142 2632 254 2680 per
276 2617 535 2662 immensum
556 2617 694 2661 ventis
719 2617 984 2660 discordibus
1009 2626 1130 2660 actus
1456 2633 1524 2666 620

190 2674 295 2727 huc,
317 2689 435 2718 nunc
455 2674 576 2724 illuc,
600 2674 796 2731 exemplo
818 2674 946 2717 nubis
969 2689 1156 2730 aquosae

131 2752 153 2765 ..
210 2738 254 2776 et
277 2746 332 2776 ex
355 2731 441 2775 alto
465 2731 661 2775 seductas
685 2730 855 2774 aethere
878 2731 1005 2789 longe

170 2795 272 2834 tat
293 2795 428 2834 terras
451 2795 673 2846 totumque
698 2788 940 2846 supervolat
963 2789 1122 2833 orbem.
