1786 3242
344 253 429 296 252
789 259 832 295 P.
858 258 1022 296 OVIDII
1045 257 1262 295 NASONIS

345 351 407 393 et,
433 356 542 397 quae
566 340 803 397 dempsistis
827 340 958 389 vitae,
984 339 1080 398 date
1104 346 1294 395 tempora
1316 337 1497 382 famae.''

346 399 463 441 dixit.
523 406 565 440 et
588 398 642 439 ad
665 404 806 452 postes
831 403 1000 438 ornatos
1025 410 1096 437 sae
1127 410 1151 437 e
1174 394 1337 437 coronis

344 462 534 497 umentes
559 454 702 495 oculos
727 460 767 494 et
791 452 948 508 pallida
971 451 1096 493 brace
1127 451 1168 493 ia
1191 451 1354 501 tollens,

244 524 320 556 735
346 526 442 553 cum
464 509 625 551 foribus
648 508 789 563 laquei
811 508 1008 563 religaret
1031 507 1199 550 vincula
1223 507 1390 557 summi,

345 567 484 609 “haec
507 565 584 607 tibi
608 571 719 608 serta
741 565 926 620 placent,
951 563 1131 606 crudelis
1155 571 1197 606 et
1219 562 1406 619 impia?'’
1431 563 1538 606 dixit

343 621 602 676 inseruitque
626 629 771 676 caput,
796 621 870 663 sed
894 627 983 661 tum
1008 633 1176 674 quoque
1200 633 1346 662 versus
1369 619 1425 662 ad
1446 620 1577 671 illam,

347 687 473 733 atque
496 702 553 708 —
577 692 683 719 onus
706 676 853 719 infelix
876 700 933 706 —
957 676 1058 718 elisa
1081 676 1204 718 fauce
1227 676 1440 732 pependit.

346 735 430 776 icta
452 734 609 790 pedum
631 740 749 775 motu
773 732 1051 788 trepidantem
1075 739 1117 774 et
1140 733 1273 774 multa
1295 738 1535 788 gementem

258 805 324 836 740
348 791 437 832 visa
462 790 626 832 dedisse
650 803 799 831 sonum
825 796 887 832 est
911 788 1195 844 adapertaque
1217 788 1345 831 ianua
1366 788 1528 831 factum

345 846 540 902 prodidit.
601 846 837 888 exclamant
859 845 1027 895 famuli,
1051 845 1289 899 frustraque
1312 845 1498 888 levatum
1520 866 1582 876 —

346 918 446 945 nam
469 910 589 958 pater
612 901 822 944 occiderat
843 925 901 931 -—
923 901 1111 943 referunt
1135 901 1188 942 ad
1212 901 1357 943 limina
1378 901 1537 943 matris.

347 959 499 1015 accipit
520 959 592 1000 illa
616 958 730 1008 sinu,
754 957 1057 1013 complexaque
1081 957 1237 1013 frigida
1258 957 1347 1000 nati

348 1015 538 1058 membra
563 1014 645 1064 sui,
669 1021 893 1069 postquam
916 1014 1164 1056 miserorum
1188 1014 1319 1056 verba
1340 1019 1562 1069 parentum

259 1085 324 1115 745
351 1071 480 1113 edidit
505 1078 546 1113 et
569 1078 750 1112 matrum
774 1071 1021 1112 miserarum
1045 1070 1158 1112 facta
1181 1071 1357 1126 peregit,

347 1128 498 1169 funera
522 1127 702 1169 ducebat
724 1127 906 1169 mediam
931 1126 1152 1168 lacrimosa
1173 1141 1250 1182 per
1272 1126 1421 1168 urbem

347 1183 567 1237 luridaque
591 1196 736 1224 arsuro
760 1183 955 1238 portabat
978 1183 1168 1225 membra
1191 1182 1358 1225 feretro.

348 1240 457 1281 forte
480 1239 574 1280 viae
598 1238 736 1280 vicina
760 1238 929 1287 domus,
955 1252 1040 1292 qua
1062 1239 1213 1280 flebilis
1237 1239 1326 1280 ibat

348 1310 523 1351 pompa,
547 1294 646 1344 fuit,
673 1294 886 1348 duraeque
911 1309 1037 1335 sonus
1061 1295 1275 1350 plangoris
1299 1295 1353 1337 ad
1378 1309 1500 1337 aures

259 1364 324 1395 750
349 1351 465 1393 venit
487 1351 772 1399 Anaxaretes,
797 1364 924 1404 quam
947 1350 1032 1391 iam
1056 1351 1160 1392 deus
1183 1351 1294 1392 ultor
1317 1351 1482 1393 atrebat.

348 1414 463 1449 mota
485 1411 626 1449 tamen
651 1406 934 1449 “videamus''
960 1406 1017 1448 ait
1042 1406 1312 1449 “miserabile
1334 1386 1504 1457 funus?

349 1471 391 1505 et
414 1463 567 1519 patulis
590 1462 682 1504 iniit
706 1470 863 1504 tectum
889 1462 1068 1505 sublime
1092 1462 1298 1505 fenestris.

348 1520 504 1574 vixque
529 1519 635 1561 bene
658 1519 900 1574 impositum
923 1519 1032 1560 lecto
1055 1526 1328 1574 prospexerat
1350 1518 1495 1575 Iphin:

350 1575 570 1630 deriguere
594 1575 723 1625 oculi,
749 1575 993 1629 calidusque
1018 1589 1041 1617 e
1066 1589 1238 1630 corpore
1263 1575 1434 1632 sanguis

259 1643 324 1674 755
349 1631 520 1673 inducto
545 1631 702 1686 pallore
727 1630 855 1687 fugit;
881 1638 1116 1686 conataque
1139 1638 1249 1673 retro

350 1688 459 1729 ferre
482 1688 611 1742 pedes
634 1687 786 1729 haesit:
812 1695 961 1729 conata
985 1695 1173 1730 avertere
1197 1688 1339 1730 vultus

350 1744 430 1785 hoc
453 1757 622 1797 quoque
646 1757 731 1784 non
753 1743 901 1798 potuit.
961 1744 1248 1798 paulatimque
1273 1750 1451 1800 occupat
1475 1751 1604 1794 artus,

350 1799 464 1853 quod
488 1799 568 1840 fuit
590 1799 634 1840 in
658 1799 763 1840 duro
787 1799 871 1840 iam
896 1799 1059 1854 pridem
1082 1807 1269 1854 pectore,
1295 1814 1457 1842 saxum.

349 1870 457 1897 neve
482 1869 532 1897 ea
554 1855 652 1896 ficta
705 1862 816 1904 utes,
843 1855 1037 1897 dominae
1063 1855 1141 1896 sub
1165 1855 1350 1911 imagine
1374 1856 1543 1912 signum

260 1923 326 1954 760
351 1918 490 1953 servat
514 1911 651 1952 adhuc
712 1911 877 1960 alamis;
908 1911 1086 1953 Veneris
1110 1925 1278 1966 quoque
1309 1912 1478 1955 nomine
1507 1912 1713 1968 templum

350 1966 652 2022 Prospicientis
676 1966 816 2008 habet.
876 1980 1053 2021 quorum
1077 1982 1250 2018 memor,
1276 1982 1301 2009 o
1325 1983 1439 2018 mea,
1462 1968 1598 2011 lentos
1644 1992 1648 1997 ⁴

350 2037 481 2078 pone,
505 2036 666 2078 precor,
691 2022 825 2064 fastus
851 2030 892 2064 et
916 2024 1073 2064 amanti
1097 2023 1289 2079 iungere,
1314 2023 1514 2080 nympha.

352 2079 411 2120 sic
436 2078 512 2120 tibi
535 2092 614 2120 nec
638 2093 814 2121 vernum
838 2079 1053 2121 nascentia
1076 2079 1211 2135 frigus
1236 2080 1386 2122 adurat

350 2148 496 2190 poma,
520 2148 599 2176 nee
623 2134 837 2176 excutiant
859 2135 994 2190 rapidi
1018 2136 1209 2178 florentia
1232 2136 1372 2178 venti.³

260 2202 324 2234 765
406 2191 528 2233 Haec
550 2190 624 2231 ubi
647 2191 902 2244 nequiquam
925 2191 1082 2233 formas
1107 2191 1210 2234 deus
1235 2199 1357 2247 aptus
1380 2193 1424 2234 in
1448 2207 1593 2236 omnes

351 2246 499 2295 edidit,
523 2247 566 2288 in
589 2246 785 2288 iuvenem
809 2247 931 2288 rediit
955 2256 995 2289 et
1021 2248 1147 2290 anilia
1171 2249 1301 2291 demit

349 2302 626 2344 instrumenta
650 2302 729 2343 sibi
754 2303 932 2356 talisque
956 2304 1150 2359 apparuit
1172 2304 1246 2354 illi,

350 2358 488 2412 qualis
512 2358 585 2399 ubi
610 2358 821 2414 oppositas
846 2359 1097 2401 nitidissima
1120 2361 1218 2402 solis
1242 2361 1382 2417 imago

352 2414 476 2456 evicit
499 2415 633 2456 nubes
658 2415 858 2469 nullaque
882 2415 1074 2458 obstante
1097 2416 1263 2458 reluxit.

262 2483 328 2513 770
352 2470 523 2524 vimque
547 2478 685 2526 parat:
712 2471 787 2512 sed
810 2471 852 2512 vi
876 2485 961 2513 non
985 2479 1049 2514 est
1073 2486 1197 2528 opus,
1221 2472 1510 2528 inquefigura

353 2534 477 2623 capga
501 2526 568 2568 dei
592 2528 777 2581 nymphe
802 2534 863 2569 est
889 2534 930 2569 et
953 2535 1101 2569 mutua
1125 2529 1299 2571 vulnera
1322 2529 1462 2571 sensit.

449 2582 635 2623 roximus
659 2583 874 2624 Ausonias
898 2583 1040 2625 iniusti
1064 2584 1184 2626 miles
1208 2585 1356 2626 Amuli
1531 2595 1712 2631 Romulus.

351 2638 460 2679 rexit
484 2652 604 2693 opes:
630 2638 909 2692 Numitorque
933 2654 1062 2681 senex
1085 2640 1239 2682 amissa
1261 2647 1463 2696 nepotum

353 2708 528 2736 munere
551 2708 684 2748 regna
708 2694 838 2750 capit:
864 2695 1066 2749 festisque
1090 2695 1296 2738 Palilibus
1319 2696 1435 2738 urbis

261 2762 328 2792 775
354 2749 521 2792 moenia
546 2750 795 2792 conduntur.
855 2750 1088 2806 Tatiusque
1111 2759 1332 2807 patresque
1357 2751 1506 2795 Sabini
