1786 3242
398 262 480 305 132
840 265 885 300 P.
911 263 1077 302 OVIDII
1099 261 1315 300 NASONIS

427 349 601 393 rimitias
625 348 798 403 frugum
823 344 987 393 Cereri,
1012 359 1090 386 sua
1113 343 1211 386 vina
1232 342 1394 399 Lyaeo,

308 423 374 455 275
439 405 612 449 alladios
635 404 771 446 flavae
793 401 938 444 latices
961 400 1114 443 libasse
1137 400 1371 442 Minervae.

400 469 572 518 coeptus
597 460 652 502 ab
675 457 868 515 agricolis
893 471 1067 513 superos
1090 455 1283 513 pervenit
1305 455 1360 498 ad
1383 458 1529 500 omnes

400 517 646 561 ambitiosus
669 515 816 557 honor.
875 514 986 555 solas
1010 513 1099 555 sine
1122 519 1215 554 ture
1237 511 1404 555 relictas

399 573 649 631 praeteritae
674 585 860 614 cessasse
883 569 1024 612 ferunt
1047 568 1251 612 Latoidos
1275 582 1384 611 aras.

400 630 536 686 tangit
560 636 603 672 et
624 629 687 670 ira
711 628 825 670 deos.
885 630 948 668 ‘at
969 639 1055 667 non
1077 625 1249 680 impune
1272 623 1475 668 feremus:

311 702 378 734 280
401 700 594 742 quaeque
617 684 904 733 inhonoratae,
927 696 1012 724 non
1037 689 1079 724 et
1102 682 1290 724 dicemur
1311 679 1488 724 inultae’

401 743 548 797 inquit.
607 749 648 784 et
672 739 843 783 Oeneos
867 739 1044 781 ultorem
1071 744 1212 794 spreta
1235 750 1310 793 per
1334 750 1458 794 agros

401 798 513 840 misit
536 812 703 853 aprum,
728 802 884 851 quanto
908 794 1086 837 maiores
1115 793 1292 836 herbida
1313 799 1456 836 tauros

401 869 486 897 non
507 854 635 896 habet
655 853 831 919 Epirus,
854 851 929 894 sed
952 851 1109 893 habent
1143 849 1288 893 Sicula
1309 864 1411 891 arva
1431 849 1626 892 minores.

313 926 380 957 284
404 911 608 967 sanguine
633 916 675 952 et
697 924 795 966 1gne
818 909 973 950 micant
998 908 1119 950 oculi.
1145 907 1254 963 riget
1277 905 1446 948 horrida
1469 905 1642 957 cervix,

314 982 379 1014 286
405 974 599 1022 stantque
622 966 738 1008 velut
760 966 938 1015 vallum,
963 964 1079 1006 velut
1103 964 1187 1006 alta
1211 962 1378 1005 hastilia
1401 968 1535 1014 setae3

404 1023 568 1066 fervida
592 1037 689 1065 cum
711 1035 839 1063 rauco
863 1022 969 1063 latos
994 1020 1170 1062 stridore
1192 1034 1269 1075 per
1291 1033 1429 1061 armos

406 1094 556 1135 spuma
578 1079 669 1120 fluit
676 1110 688 1129 ,
713 1078 859 1120 dentes
883 1084 1117 1131 aequantur
1140 1075 1335 1118 dentibus
1358 1075 1491 1126 Indis,

404 1136 565 1177 fulmen
590 1135 644 1176 ab
668 1133 897 1184 ore'venit,
921 1133 1092 1175 frondes
1116 1131 1339 1174 adflatibus
1364 1131 1525 1174 ardent.

316 1207 382 1239 290
404 1191 440 1233 is
463 1191 589 1233 modo
614 1197 846 1232 crescentes
870 1196 1032 1245 segetes
1057 1189 1272 1244 proculcat
1294 1188 1339 1230 in
1361 1187 1507 1239 herba,

405 1262 518 1290 nunc
541 1253 707 1288 matura
728 1246 847 1288 metit
869 1245 1008 1287 fleturi
1030 1252 1129 1287 vota
1152 1244 1290 1288 coloni

406 1311 447 1346 et
473 1302 671 1345 Cererem
693 1302 739 1343 in
763 1301 886 1358 spicis
909 1301 1132 1357 intercipit.
1158 1336 1166 1345 .
1190 1315 1288 1343 area
1311 1300 1481 1351 frustra,

406 1367 448 1402 et
471 1359 627 1401 frustra
650 1364 874 1413 expectant
896 1357 1123 1413 promissas
1146 1356 1296 1399 horrea
1318 1371 1490 1400 messes.

406 1422 648 1458 sternuntur
670 1414 834 1470 gravidi
857 1414 984 1469 longo
1009 1427 1105 1455 cum
1128 1413 1299 1469 palmite
1323 1412 1436 1454 fetus

317 1487 381 1518 295
404 1473 595 1526 bacaque
620 1485 716 1513 cum
739 1470 866 1512 ramis
891 1471 1055 1525 semper
1078 1469 1309 1511 frondentis
1332 1468 1481 1510 olivae.

406 1528 539 1571 saevit
564 1534 605 1570 et
627 1527 671 1569 in
695 1526 891 1583 pecudes.
948 1541 1034 1568 non
1057 1525 1132 1567 has
1156 1533 1351 1581 pastorve
1375 1539 1568 1576 comesve,

405 1599 490 1627 non
514 1589 702 1626 armenta
724 1590 863 1624 truces
886 1588 1061 1638 possunt
1085 1582 1310 1624 defendere
1332 1581 1454 1623 tauri.

407 1641 636 1696 diffugiunt
659 1639 805 1695 populi
828 1653 907 1681 nec
931 1654 975 1681 se
999 1638 1080 1680 nisi
1104 1637 1324 1680 moenibus
1348 1636 1466 1679 urbis

407 1712 498 1739 esse
522 1703 673 1753 putant
695 1703 826 1738 tutos:
853 1695 986 1737 donec
1009 1694 1251 1750 Meleagros
1276 1701 1318 1736 et
1341 1708 1428 1735 una

318 1768 384 1799 300
406 1754 515 1796 lecta
538 1767 687 1794 manus
711 1752 912 1793 iuvenum
936 1751 1071 1793 coiere
1096 1750 1290 1806 cupidine
1313 1750 1470 1792 laudis:

406 1809 677 1865 Tyndaridae
700 1808 876 1863 gemini,
900 1814 1159 1863 praestantes
1184 1806 1392 1849 caestibus
1416 1806 1533 1855 alter,

409 1866 513 1908 alter
537 1879 659 1919 equo,
683 1864 927 1919 primaeque
951 1863 1051 1905 ratis
1076 1863 1242 1904 molitor
1264 1863 1403 1912 Iason,

409 1929 450 1964 et
474 1936 570 1964 cum
594 1921 797 1969 Pirithoo,
820 1920 924 1962 felix
947 1919 1187 1970 concordia,
1211 1918 1415 1969 Theseus,

409 1985 451 2021 et
475 1978 559 2019 duo
583 1976 852 2025 Thestiadae,
876 1976 1097 2031 prolesque
1122 1975 1339 2031 Aphare'i’a
1362 1974 1563 2030 Lynceus

319 2048 384 2079 305
410 2042 450 2077 et
474 2035 598 2076 velox
622 2034 741 2083 Idas,
766 2040 808 2075 et
830 2033 915 2074 iam
939 2046 1023 2074 non
1046 2032 1205 2074 femina
1230 2030 1439 2081 Caeneus,

409 2090 739 2145 Leucippusque
762 2089 883 2131 ferox
906 2088 1128 2142 iaculoque
1152 2088 1328 2144 insignis
1353 2088 1550 2137 Acastus,

409 2146 765 2202 Hippothousque
788 2145 1015 2200 Dryasque
1040 2152 1082 2186 et
1106 2151 1244 2187 cretus
1268 2144 1505 2200 Amyntore
1527 2142 1736 2195 Phoenix,

408 2202 721 2256 Actoridaeque
744 2217 885 2258 pares,
912 2209 953 2244 et
975 2201 1128 2243 missus
1153 2201 1208 2243 ab
1231 2200 1355 2243 Elide
1378 2200 1580 2256 Phyleus.

408 2274 487 2302 nec
511 2259 716 2302 Telamon
741 2259 886 2300 aberat
908 2258 1137 2312 magnique
1162 2264 1324 2300 creator
1347 2256 1540 2307 Achillis,

320 2329 386 2361 310
410 2329 590 2370 cumque
613 2314 866 2357 Pheretiade
890 2321 931 2357 et
954 2315 1153 2370 Hyanteo
1177 2314 1295 2356 Iolao

409 2372 589 2428 impiger
612 2371 820 2427 Eurytion
845 2378 886 2413 et
909 2385 1035 2413 cursu
1058 2371 1238 2413 invictus
1262 2369 1441 2419 Echion,

409 2429 701 2483 Naryciusque
725 2428 861 2470 Lelex
884 2426 1195 2483 Panopeusque
1219 2427 1469 2482 Hyleusque
1492 2425 1697 2482 feroxque

409 2486 647 2540 Hippasus,
673 2492 715 2527 et
736 2484 882 2540 primis
907 2484 1137 2527 etiamnum
1158 2483 1313 2526 Nestor
1334 2482 1379 2524 in
1403 2481 1539 2533 annis,

411 2549 453 2584 et
476 2555 580 2596 quos
606 2541 858 2597 Hippocoon
883 2541 1063 2595 antiquis
1087 2540 1200 2583 misit
1222 2539 1429 2595 Amyclis,

321 2610 386 2640 315
410 2597 732 2653 Penelopesque
758 2612 875 2640 socer
900 2613 996 2640 cum
1019 2597 1246 2640 Parrhasio
1270 2597 1447 2640 Ancaeo

410 2654 755 2709 Ampycidesque
780 2669 911 2710 sagax
936 2661 976 2697 et
1001 2654 1138 2696 adhuc
1163 2670 1188 2696 a
1211 2654 1390 2710 coniuge
1414 2659 1531 2696 tutus

412 2708 629 2760 Oeclides,
653 2711 919 2765 nemorisque
944 2711 1072 2753 decus
1097 2711 1294 2766 Tegeaea
1317 2709 1493 2766 Lycaei.

410 2766 544 2808 rasilis
568 2766 666 2809 huic
691 2782 898 2810 summam
921 2767 1139 2810 mordebat
1164 2767 1295 2810 fibula
1318 2774 1498 2816 vestem3
