1786 3242
338 256 421 300 178
780 263 824 299 Ρ.
850 263 1014 300 0V1D11
1039 261 1255 300 NASONIS

336 354 384 389 ut
407 353 570 403 pereat,
595 345 632 388 si
653 359 722 387 me
746 344 853 386 Fors
877 343 938 386 illi
962 343 1068 386 dura
1090 343 1280 400 negarit?

246 416 312 449 620
337 403 439 445 dum
461 403 579 453 licet,
603 401 778 456 hospes,
802 400 891 450 abi,
915 399 1207 455 thalamosque
1230 399 1420 454 relinque
1443 407 1656 444 cruentos.

337 458 579 514 coniugium
604 457 772 500 crudele
795 471 938 499 meum
964 465 1039 498 est.
1098 456 1176 498 tibi
1198 456 1359 499 nubere
1381 455 1500 499 nulla

334 515 467 565 nolet,
492 522 534 557 et
556 513 691 570 optari
714 519 833 569 potes
857 528 883 555 a
907 512 1095 568 sapiente
1118 512 1273 579 puella.

336 586 411 613 cur
434 578 576 613 tamen
600 577 661 612 est
684 569 788 611 mihi
811 583 913 612 cura
936 569 1017 619 tui,
1042 575 1103 610 tot
1126 583 1211 610 iam
1235 575 1332 611 ante
1354 568 1608 626 peremptis?

335 626 503 670 viderit!
527 627 724 676 intereat,
749 625 949 681 quoniam
973 632 1035 667 tot
1058 625 1186 667 caede
1238 639 1432 668 rocorum

246 697 311 728 625
337 683 575 725 admonitus
597 697 683 724 non
706 690 787 731 est,
813 681 1036 738 agiturque
1058 681 1103 723 in
1126 688 1193 723 tae
1224 681 1265 723 ia
1287 681 1415 724 vitae.

336 739 500 782 occidet
522 739 590 781 hic
613 739 754 795 igitur,
779 738 913 780 voluit
936 738 1036 792 quia
1058 737 1200 780 vivere
1224 737 1416 780 mecum?

335 796 638 852 indignamque
661 809 809 837 necem
831 794 1012 850 pretium
1036 794 1220 850 patietur
1243 793 1422 836 amoris?

335 867 421 894 non
446 852 524 894 erit
546 851 729 894 invidiae
753 851 928 894 victoria
951 859 1095 893 nostra
1117 850 1329 893 ferendae.

337 908 412 951 sed
434 922 518 950 non
543 908 667 964 culpa
689 922 784 950 mea
808 914 884 950 est.
943 907 1105 949 utinam
1129 907 1328 950 desistere
1351 905 1498 950 velles!

247 977 313 1010 630
337 971 430 1015 aut,
455 964 653 1019 quoniam
678 979 722 1006 es
747 964 938 1012 demens,
963 964 1125 1005 utinam
1147 963 1331 1005 velocior
1354 962 1487 1006 esses!

336 1029 380 1063 at
403 1035 531 1076 quam
554 1020 768 1076 virgineus
791 1020 942 1076 puerili
966 1020 1106 1062 vultus
1129 1019 1174 1061 in
1197 1034 1269 1062 ore
1293 1019 1376 1062 est!

337 1093 382 1128 a,
405 1077 533 1119 miser
556 1077 845 1133 Hippomene,
869 1077 1024 1119 nollem
1047 1076 1124 1118 tibi
1146 1076 1238 1118 visa
1260 1074 1453 1118 fuissem!

336 1133 479 1176 vivere
504 1133 657 1189 dignus
681 1147 784 1175 eras·
843 1133 958 1187 quod
982 1132 1018 1175 si
1040 1132 1201 1176 felicior
1224 1147 1359 1175 essem

335 1205 415 1233 nec
437 1189 541 1231 mihi
565 1189 807 1246 coniugium
831 1189 920 1231 fata
942 1189 1183 1245 importuna
1205 1195 1421 1244 negarent,

247 1259 311 1291 635
336 1261 446 1289 unus
471 1261 582 1296 eras,
608 1260 705 1288 cum
729 1260 812 1300 quo
837 1245 996 1288 sociare
1020 1245 1174 1288 cubilia
1197 1244 1404 1288 vellem.”’

337 1302 519 1344 dixerat:
543 1308 674 1356 utque
698 1301 814 1343 rudis
837 1301 1057 1357 primoque
1082 1300 1295 1357 Cupidine
1318 1308 1444 1351 tacta,

337 1358 441 1413 quid
463 1358 583 1408 facit,
607 1358 826 1414 ignorans,
851 1365 964 1400 amat
987 1365 1029 1400 et
1050 1372 1136 1400 non
1160 1357 1284 1400 sentit
1308 1371 1506 1400 amorem.

336 1414 423 1456 iam
448 1414 590 1456 solitos
614 1421 793 1470 poscunt
816 1428 962 1456 cursus
987 1414 1250 1470 populusque
1273 1420 1490 1469 paterque,

339 1485 436 1513 cum
458 1486 526 1514 me
551 1470 726 1513 sollicita
750 1470 888 1526 proles
912 1470 1128 1526 Neptunia
1151 1485 1255 1513 voce

247 1541 313 1573 640
337 1527 505 1569 invocat
523 1527 828 1583 Hippomenes,
846 1525 1245 1582 “‘Cytherea’''que‚
1265 1530 1306 1550 “‘
1314 1540 1570 1583 comprecor,
1588 1526 1703 1569 ausis

338 1583 492 1625 adsit'''
518 1583 576 1625 ait
599 1583 797 1625 “‘nostris
822 1590 883 1634 et,
908 1597 1015 1637 quos
1040 1583 1169 1632 dedit,
1194 1582 1364 1626 adiuvet
1386 1582 1562 1640 ignes.'''

338 1640 487 1682 detulit
510 1655 612 1682 aura
636 1655 780 1695 preces
806 1640 860 1681 ad
882 1655 950 1682 me
973 1654 1059 1681 non
1082 1639 1226 1682 invida
1248 1639 1445 1682 blandas:

337 1704 536 1751 motaque
561 1711 674 1745 sum,
698 1695 845 1738 fateor.
905 1710 983 1738 nec
1008 1696 1099 1752 opis
1123 1710 1241 1738 mora
1263 1696 1392 1762 longa
1415 1695 1608 1739 dabatur.

338 1759 401 1795 est
425 1767 539 1818 ager,
563 1752 786 1808 indigenae
810 1752 1096 1795 Tamasenum
1118 1752 1287 1795 nomine
1311 1753 1469 1802 (11011111,

248 1823 312 1854 645
338 1809 496 1851 telluns
523 1807 707 1864 Cypriae
730 1823 828 1864 pars
853 1808 1030 1863 optima,
1055 1822 1184 1863 quam
1207 1808 1311 1850 mihi
1333 1808 1461 1865 prisci

338 1879 557 1907 sacravere
581 1880 721 1915 001100,
746 1865 996 1920 templisque
1021 1865 1220 1907 accedere
1244 1865 1387 1908 dotem

336 1921 447 1963 hanc
469 1920 629 1963 iussere
652 1921 769 1963 meis.
828 1921 966 1963 medio
989 1921 1095 1964 nitet
1119 1921 1244 1963 arbor
1265 1921 1311 1964 in
1335 1935 1450 1972 arvo,

337 1977 455 2019 fulva
479 1991 662 2027 comam,
686 1977 804 2019 fulvo
827 1978 954 2020 ramis
979 1977 1278 2033 crepitantibus
1302 1992 1419 2020 auro.

337 2033 436 2075 hinc
459 2033 539 2075 tria
562 2033 670 2076 forte
693 2049 788 2075 mea
812 2034 982 2076 veniens
1008 2034 1205 2090 decerpta
1228 2034 1417 2077 ferebam

247 2103 313 2134 650
338 2105 467 2132 aurea
489 2104 616 2145 poma
639 2105 786 2131 manu:
810 2090 999 2145 nullique
1023 2090 1205 2133 videnda
1227 2091 1308 2132 nisi
1331 2090 1413 2146 ipsi

337 2145 637 2202 Hippomenen
662 2146 746 2187 adii
770 2146 998 2201 docuique,
1023 2147 1117 2201 quis
1141 2162 1242 2189 usus
1266 2147 1311 2189 in
1333 2147 1428 2189 illis.

336 2202 459 2258 signa
482 2202 610 2245 tubae
634 2202 853 2253 dederant,
878 2217 975 2245 cum
999 2218 1165 2246 carcere
1189 2218 1346 2260 pronus
1369 2211 1547 2259 uterque

336 2259 507 2309 emicat,
532 2267 574 2301 et
598 2274 805 2301 summam
830 2259 954 2301 celeri
978 2260 1084 2315 pede
1106 2259 1211 2302 libat
1234 2260 1447 2303 harenam.

336 2329 461 2370 posse
485 2322 606 2371 putes
630 2315 724 2357 illos
749 2316 860 2357 sicco
884 2316 993 2357 freta
1015 2316 1163 2359 radere
1186 2331 1315 2372 passu

246 2385 310 2416 655
337 2378 378 2413 et
402 2371 557 2427 segetis
583 2386 712 2414 canae
738 2378 894 2414 stantes
918 2387 1161 2427 percurrere
1185 2373 1346 2415 aristas.

335 2427 523 2469 adiciunt
547 2428 708 2470 animos
731 2428 873 2470 iuveni
897 2429 1138 2483 clamorque
1162 2429 1367 2484 favorque

334 2483 548 2538 verbaque
573 2484 786 2527 dicentum
811 2488 990 2535 “‘nunc‚
1014 2499 1127 2526 nunc
1150 2484 1394 2528 incumbere
1419 2492 1602 2542 tempus,

334 2540 623 2595 Hippomene,
648 2540 845 2596 propera!
870 2556 983 2583 nunc
1006 2541 1165 2584 viribus
1189 2548 1306 2584 utere
1331 2541 1446 2584 totis:

334 2596 444 2651 pelle
467 2611 648 2647 moram,
673 2597 870 2639 vinces.’'’
929 2597 1125 2648 dubium,
1149 2597 1395 2654 Megareius
1419 2598 1542 2642 heros

246 2665 312 2695 660
335 2651 520 2706 gaudeat
544 2668 598 2694 an
622 2653 742 2709 virgo
767 2652 903 2709 magis
926 2653 992 2696 his
1018 2653 1255 2697 Schoeneia
1279 2654 1412 2697 dictis.

335 2722 360 2748 o
384 2708 597 2762 quotiens,
623 2723 720 2751 cum
741 2709 826 2751 iam
850 2717 993 2765 posset
1015 2710 1209 2760 transire,
1233 2717 1397 2754 morata
1421 2718 1484 2754 est

335 2771 627 2820 spectatosque
653 2766 725 2808 diu
749 2766 889 2809 vultus
914 2766 1046 2810 invita
1069 2766 1254 2821 reliquitl
