1786 3242
353 246 437 289 124
794 253 837 288 P.
865 251 1029 288 OVIDII
1052 250 1269 288 NASONIS

262 349 329 382 790
353 334 523 401 aspicio.
582 334 731 389 fugere
754 332 855 382 hoc,
878 332 984 374 illud
1006 332 1159 374 latrare
1181 339 1365 387 putares.

353 392 512 434 scilicet
534 390 711 432 invictos
736 389 861 430 ambo
885 388 1112 431 certamine
1136 402 1283 430 cursus

354 462 446 490 esse
469 447 573 489 deus
598 445 749 493 voluit,
775 445 809 486 si
834 444 928 499 quis
953 444 1057 486 deus
1082 444 1217 486 adfuit
1240 444 1349 486 illis?

352 503 575 551 hactenus,
599 509 641 544 et
663 501 806 543 tacuit.
866 501 1023 543 ‘iaculo
1047 501 1162 555 quod
1185 500 1343 543 crimen
1365 499 1410 542 in
1431 499 1524 557 ipso
1548 500 1658 544 est?

353 559 525 601 Phocus
549 558 619 600 ait.
676 557 804 599 iaculi
828 556 888 599 sic
912 557 1087 599 crimina
1109 556 1291 599 reddidit
1312 557 1396 599 ille.

264 629 329 661 ⁷95
410 614 603 658 ‘Gaudia
625 613 879 670 principium
902 613 1033 655 nostri
1056 620 1173 663 sunt,
1196 612 1360 663 Phoce,
1385 613 1554 656 doloris.

353 672 426 714 illa
448 671 565 727 prius
588 671 782 713 referam.
840 669 958 712 iuvat
982 684 1007 711 o
1030 669 1270 712 meminisse
1294 669 1406 712 beati

354 727 572 783 temporis,
597 727 805 777 Aeacida,
831 740 915 780 quo
938 725 1095 781 primos
1118 726 1195 769 rite
1218 741 1294 782 per
1316 740 1449 768 annos

355 784 535 840 coniuge
559 798 674 826 eram
697 783 818 832 felix,
843 783 946 824 felix
969 789 1060 824 erat
1082 782 1154 824 illa
1176 782 1339 825 marito.

354 848 503 882 mutua
527 854 628 881 cura
652 839 757 880 duos
782 847 822 881 et
847 853 964 880 amor
989 838 1152 881 socialis
1175 839 1372 881 habebat.

263 910 331 942 800
354 911 433 939 nec
456 896 571 938 Iovis
594 896 666 937 illa
689 910 783 937 meo
807 894 1013 937 thala-mos
1037 895 1268 950 praeferret
1291 895 1437 946 amori,

354 967 451 1003 nec,
475 967 543 994 me
568 966 677 1007 quae
702 959 891 1007 caperet,
915 966 1001 994 non
1026 952 1061 993 si
1084 952 1232 995 Venus
1255 951 1348 1007 ipsa
1370 952 1544 1003 veniret,

354 1010 442 1051 ulla
465 1015 571 1051 erat:
597 1008 793 1062 aequales
816 1008 995 1050 urebant
1016 1015 1186 1064 pectora
1208 1009 1415 1051 flammae.

356 1067 442 1107 sole
465 1065 553 1107 fere
576 1065 704 1106 radiis
727 1065 902 1107 feriente
927 1065 1147 1107 cacumina
1168 1065 1313 1120 primis

355 1128 554 1164 venatum
578 1121 622 1162 in
646 1121 772 1162 silvas
795 1121 1044 1163 iuvenaliter
1066 1121 1126 1163 ire
1150 1121 1356 1163 solebam:

265 1188 331 1220 805
355 1192 435 1220 nec
458 1191 625 1219 mecum
648 1177 828 1218 famulos
852 1192 930 1219 nec
955 1192 1084 1232 equos
1107 1192 1186 1220 nec
1209 1178 1381 1219 naribus
1405 1191 1523 1221 acres

355 1234 415 1276 ire
441 1248 584 1283 canes,
608 1247 687 1274 nec
710 1233 796 1274 lina
819 1233 939 1287 sequi
962 1234 1123 1275 nodosa
1147 1234 1354 1276 sinebam:

355 1297 472 1331 tutus
498 1304 612 1331 eram
636 1289 786 1330 iaculo.
846 1290 921 1331 sed
945 1304 1041 1331 cum
1067 1290 1217 1332 satiata
1238 1290 1398 1332 ferinae

357 1347 530 1388 dextera
554 1346 694 1387 caedis
719 1353 826 1394 erat,
850 1346 1091 1401 repetebam
1115 1346 1250 1402 frigus
1275 1354 1317 1389 et
1339 1347 1525 1398 umbras,

357 1410 398 1444 et
422 1416 530 1456 quae
555 1402 607 1443 de
631 1401 781 1456 gelidis
806 1403 945 1444 exalat
967 1402 1167 1452 vallibus,
1193 1417 1352 1445 auram.

265 1469 333 1502 810
358 1473 462 1500 aura
484 1458 707 1514 petebatur
730 1458 868 1500 medio
893 1458 996 1500 mihi
1018 1459 1124 1500 lenis
1147 1459 1189 1500 in
1215 1466 1352 1501 aestu:

356 1529 502 1556 auram
527 1514 821 1569 expectabam:
845 1515 1011 1569 requies
1035 1522 1124 1557 erat
1146 1515 1218 1556 illa
1240 1515 1387 1557 labori.

357 1570 533 1621 “aura,”
557 1569 773 1623 (recordor
795 1570 926 1626 enim)
950 1571 1169 1621 “venias‚”
1194 1578 1363 1614 cantare
1387 1571 1589 1623 solebam,

357 1632 542 1681 “meque
564 1627 705 1677 iuves,
729 1627 941 1682 intresque
966 1628 1101 1677 sinus,
1124 1628 1382 1683 gratissima,
1405 1635 1588 1671 nostros:

355 1690 487 1737 utque
511 1682 634 1732 facis,
657 1684 844 1726 relevare
868 1684 990 1734 velis,
1016 1684 1169 1738 quibus
1193 1684 1372 1735 urimur,
1395 1685 1578 1728 aestus.’'

265 1751 331 1783 815
357 1739 532 1781 forsitan
556 1739 789 1782 addiderim
810 1763 869 1769 —
892 1740 951 1782 010
974 1755 1042 1782 1110
1066 1755 1161 1782 11100
1183 1740 1272 1782 fata
1295 1740 1517 1784 trahebant
1537 1764 1596 1772 —

355 1795 579 1837 blanditias
603 1796 744 1850 plures
769 1802 811 1838 et
835 1800 915 1838 “tu
937 1796 1041 1838 mihi
1063 1812 1220 1852 magna
1242 1797 1469 1853 voluptas”

357 1852 495 1894 dicere
520 1851 598 1893 sim
623 1852 787 1902 solitus,
813 1856 894 1894 “tu
917 1867 985 1894 me
1009 1853 1228 1907 reficisque
1251 1853 1473 1908 fovesque:

342 1916 403 1950 ·tu
426 1907 549 1957 facis,
574 1915 621 1949 ut
645 1908 790 1958 silvas,
814 1915 862 1950 ut
886 1924 1023 1951 amem
1044 1910 1138 1951 loca
1161 1910 1267 1960 sola3
1290 1924 1471 1966 meoque

357 1964 525 2019 spiritus
548 1964 626 2006 iste
651 1971 748 2005 tuus
775 1979 940 2020 semper
963 1972 1154 2020 captatur
1177 1965 1231 2008 ab
1255 1966 1366 2009 ore.’'

264 2032 333 2064 820
355 2020 530 2062 vocibus
555 2020 763 2075 ambiguis
787 2021 1006 2077 deceptam
1028 2022 1221 2077 praebuit
1245 2037 1389 2064 aurem

355 2076 498 2118 nescio
522 2076 634 2130 quis,
658 2091 896 2131 nomenque
920 2093 1046 2120 aurae
1070 2085 1156 2119 tam
1181 2093 1306 2134 saepe
1329 2086 1525 2123 vocatum

355 2147 447 2175 esse
470 2139 591 2187 putat
614 2133 844 2188 nymphae3
869 2134 1099 2189 nympham
1122 2149 1191 2177 me
1215 2135 1348 2177 credit
1371 2150 1525 2180 amare.

356 2189 539 2230 criminis
564 2191 774 2244 extemplo
799 2190 885 2231 ficti
908 2191 1154 2232 temerarius
1177 2191 1306 2234 index

354 2245 531 2287 Procrin
555 2246 641 2287 adit
663 2246 893 2302 linguaque
917 2247 1045 2289 refert
1068 2247 1211 2289 audita
1234 2263 1418 2290 susurra.

263 2314 330 2346 825
356 2302 527 2343 credula
549 2317 615 2344 res
640 2316 757 2343 amor
780 2310 855 2344 est.
915 2303 1053 2345 subito
1078 2304 1263 2359 collapsa
1286 2305 1440 2354 dolore,

354 2366 402 2400 ut
426 2358 505 2399 sibi
528 2366 732 2408 narratur,
757 2359 925 2410 cecidit,
949 2360 1160 2415 longoque
1182 2361 1341 2403 refecta

355 2422 543 2469 tempore
568 2430 612 2456 se
635 2415 849 2465 miseram,
874 2431 919 2458 se
942 2416 1019 2458 fati
1043 2416 1148 2458 dixit
1169 2416 1319 2471 iniqui:

355 2471 492 2524 deque
515 2470 598 2513 fide
623 2478 772 2525 questa
796 2479 859 2514 est
882 2480 923 2514 et
947 2473 1120 2514 crimine
1144 2473 1308 2515 concita
1330 2487 1453 2524 vano,

355 2527 470 2581 quod
492 2527 596 2568 nihil
621 2535 701 2578 est,
726 2528 892 2577 metuit,
915 2529 1065 2570 metuit
1088 2529 1177 2572 sine
1202 2543 1375 2585 corpore
1398 2544 1552 2574 nomen

263 2595 331 2628 830
356 2591 396 2625 et
421 2583 534 2625 dolet
556 2583 703 2625 infelix
727 2585 856 2626 veluti
882 2584 933 2626 de
957 2585 1116 2640 paelice
1139 2599 1252 2628 vera.

355 2653 480 2694 saepe
503 2646 644 2681 tamen
669 2640 833 2682 dubitat
855 2648 1076 2696 speratque
1099 2642 1331 2684 miserrima
1354 2642 1445 2685 falli

352 2695 592 2749 indicioque
615 2696 741 2738 fidem
763 2705 892 2752 negat
916 2705 976 2747 et,
999 2698 1081 2740 nisi
1103 2698 1255 2741 viderit
1277 2698 1382 2755 ipsa,

354 2751 604 2794 damnatura
627 2752 692 2794 sui
714 2767 799 2795 non
824 2760 887 2796 est
911 2754 1062 2797 delicta
1084 2754 1235 2797 mariti.
