1774 3256
221 269 307 300 VIII
826 274 1065 303 PRAEFATIO.

221 345 301 381 Nec
332 348 455 381 tamen
485 347 539 382 ita
569 347 608 381 id
643 347 811 401 intellegi
841 347 934 392 volo,
959 348 1027 383 bus
1047 347 1164 383 multa
1185 346 1312 383 deberi
1331 347 1489 385 h'benter
1505 335 1677 386 coneediss
1734 347 1735 350 ’

223 390 327 435 quasi
355 391 450 426 sicut
470 391 630 426 Parisini
659 392 731 427 duo
752 404 792 427 m
819 392 935 438 primo
958 403 1056 437 mus,
1084 397 1207 427 tamen
1233 392 1272 427 in
1291 393 1486 429 nonnullis·
1499 393 1571 430 hoe
1589 392 1675 430 fieri
1731 410 1738 418 ’-
1759 403 1765 412 ¹·

221 435 404 470 volumine
441 436 599 471 adhibiti
635 439 774 472 ceteros
811 447 935 472 omnes
958 447 1030 472 non
1037 436 1206 490 potuisse
1217 437 1283 472 rei
1311 447 1352 472 sa
1368 441 1506 474 certum
1518 441 1586 484 cst,
1597 439 1676 474 vel·
1736 454 1738 485 ;

221 480 333 527 longo
349 484 432 526 post
447 492 485 516 se
498 481 689 516 intervallo
701 481 934 527 relinqueret.
958 481 1013 516 uti
1034 493 1074 516 m
1093 481 1168 516 illis
1187 481 1262 518 V11
1273 448 1319 517 ff?
1330 493 1384 528 sq.
1402 483 1494 529 quod
1506 482 1604 529 ἄῲᾱι·
1615 495 1674 520 ex-
1735 491 1738 495 ’

221 525 298 560 Res
320 525 417 560 enim
437 536 505 571 per
519 536 559 561 se
581 525 669 561 satis
689 525 861 562 intricata
882 526 936 561 ita
955 527 1101 572 pediam
1128 533 1230 572 atque
1255 527 1343 562 inter
1363 528 1514 564 stamina
1535 528 1674 563 ductum
1762 531 1767 567 2

223 581 262 605 se
278 570 402 605 habet.
451 572 498 605 M
514 572 606 609 etAL
626 571 675 606 ad
696 571 795 606 idem
817 581 935 607 exem·
955 583 1123 617 percusso
1138 571 1268 615 feriunt
1283 572 1404 606 inserti
1497 573 1507 582 “
1559 573 1679 608 &ntes

221 615 324 660 Plum
346 616 456 660 (quod
478 626 549 662 ego
564 617 596 651 A
613 615 809 660 nominavi)
832 616 935 651 rede·
959 627 983 651 a
999 615 1142 652 Seneca
1157 626 1241 662 epp.
1259 616 1316 660 90,
1332 616 1379 652 20
1401 615 1411 626 ·
1468 623 1674 653 σπι-Μ
1736 595 1770 624 ‘³‘

221 663 306 704 unt,
328 659 368 694 id
390 661 487 705 quod
509 671 552 695 ex
574 660 740 706 plurimis
761 661 851 696 locis
871 661 936 696 ubi
962 661 1046 697 bulo
1071 661 1355 706 haudquaquam
1380 661 1527 708 vulgari
1546 661 1676 716 lauda·

222 749 401 795 graphica
416 750 524 796 plene
541 750 772 786 consentiunt
799 750 935 797 liquet:
959 752 1093 793 dentes;
1108 750 1262 786 fortasse
1279 750 1390 786 etiam
1404 750 1443 786 in
1457 750 1532 787 illis
1573 750 1594 786 Ι
1604 750 1679 788 465
1746 751 1747 754 ’
1769 799 1771 806 ⁴

221 705 281 739 vel
308 704 347 739 in
369 705 584 751 corruptelis
604 706 663 740 vel
684 705 724 740 in
751 717 791 741 re
814 706 934 741 ortho-
959 706 1023 741 tis:
1050 707 1143 752 quod
1157 708 1229 741 lato
1247 707 1392 751 paviunt
1406 707 1528 742 inserti
1631 719 1676 742 ne
1743 737 1744 740 ,
1767 701 1768 704 ’

1625 808 1658 832 n

220 805 291 830 nee
302 798 425 830 tamen
443 806 524 830 cum
535 795 714 830 Merkelio
730 777 936 831 ‘abeodem
959 795 1023 831 ubi
1039 795 1171 841 effreno
1187 795 1273 831 libri
1287 795 1414 840 nostri,
1436 797 1576 842 inopino
1591 795 1624 831 P
1646 796 1675 823 '-

221 839 418 892 antiquiori
446 840 627 893 exemplo'
658 843 852 894 utrumque
866 841 934 894 ‘de-
960 840 1103 894 seianus
1118 840 1307 894 praebent.
1333 840 1447 893 ·Qnid
1460 841 1603 876 multa?
1616 851 1676 876 re·
1751 837 1771 859 ·’

222 895 293 920 sen
321 888 398 919 tum
423 885 516 928 dieo,
539 885 604 920 sed
627 885 768 920 duobus
788 897 935 921 numme
959 896 1060 931 splce
1073 886 1161 931 quid
1169 885 1319 921 Ovldlus
1330 895 1411 932 lpse
1423 885 1671 922 doeeat'rfist.
1740 911 1741 914 η

222 940 289 976 gra
315 930 398 964 ibus
414 931 446 965 L
461 930 509 965 ab
526 931 560 965 A
576 930 698 974 distat,
720 930 935 976 interposito
959 930 978 965 1
997 931 1030 975 7,
1053 941 1199 966 carmen
1214 941 1319 965 suum
1340 941 1423 965 eum
1439 930 1522 966 exul
1537 930 1677 966 Tomos

222 975 349 1010 codice
373 975 437 1020 qui
453 975 545 1010 alias
568 975 742 1010 lectiones
760 985 804 1010 ex
819 976 936 1010 altera
959 975 1079 1010 abiret
1098 975 1219 1010 adhuc
1235 986 1391 1010 crescens
1406 981 1438 1010 et
1452 977 1537 1011 rude
1551 977 1598 1020 (ν.
1615 975 1678 1021 22)
1743 974 1771 1006 ἰ

222 1020 380 1065 quadam
396 1019 538 1055 familia
557 1019 597 1055 in
612 1020 814 1066 marginem
836 1031 934 1055 rece·
958 1019 1084 1065 fuisse,
1096 1031 1262 1055 summam
1275 1020 1391 1055 abesse
1401 1019 1675 1066 manum(v.28),
1747 1029 1771 1051 1-

221 1067 453 1117 paratz-quas
468 1066 501 1100 L
517 1064 650 1099 deinde
693 1068 797 1100 oetae
813 1064 935 1100 verbis
959 1065 1087 1100 deesse
1102 1066 1256 1100 ultimam
1271 1066 1388 1100 limam
1405 1068 1452 1107 (v.
1468 1065 1540 1111 30),
1561 1076 1672 1101 emen-
1748 1071 1769 1116 ,η’

220 1113 384 1144 msermt.
421 1110 534 1145 Velut
549 1110 646 1155 quod
682 1110 720 1144 II
735 1109 805 1145 482
820 1111 868 1145 Μ
878 1123 933 1144 ro—
958 1112 1117 1144 daturum
1129 1110 1161 1144 si
1171 1110 1340 1145 licuisset⁷
1355 1109 1470 1146 fuisse
1482 1111 1529 1151 (v.
1542 1109 1620 1155 40):
1636 1113 1674 1145 et
1748 1130 1757 1156 -ῃ

220 1166 315 1189 seum
331 1154 455 1198 habet,
477 1156 510 1190 L
531 1161 682 1197 tenuem
697 1155 772 1190 VII
789 1155 832 1190 19
851 1167 934 1200 qra-
962 1155 1035 1189 veri
1058 1154 1280 1189 simillimum
1300 1153 1370 1190 tibi
1390 1154 1591 1200 videbitur,
1619 1154 1673 1190 di·
1746 1160 1757 1167 ·’

220 1206 278 1234 vat
299 1200 352 1242 M
376 1201 478 1234 trahit
499 1201 551 1242 L;
581 1199 639 1234 III
662 1200 728 1235 102
748 1206 861 1234 motae
882 1201 933 1244 M,
959 1210 1143 1234 versarum
1163 1199 1359 1234 lectionum
1373 1199 1507 1234 multas
1527 1199 1575 1234 ab
1591 1199 1678 1246 ipso

219 1245 328 1279 matri
333 1245 372 1278 L.
390 1244 500 1279 Extat
512 1244 609 1280 enim
625 1244 778 1279 alterum
791 1255 934 1290 quoque
959 1248 1068 1290 poeta
1095 1244 1149 1279 ori
1178 1244 1186 1252 '
1216 1254 1274 1279 em
1301 1244 1453 1290 ducere,
1488 1243 1551 1290 qui
1583 1255 1671 1279 non-

219 1292 342 1324 textus
354 1289 524 1324 Ovidiani
537 1300 664 1342 genus,
697 1290 770 1324 uod
782 1289 819 1324 in
832 1289 934 1324 libris
960 1290 1046 1324 dum
1068 1289 1146 1324 diiu
1174 1289 1267 1324 'cato
1290 1299 1381 1335 quas
1401 1289 1552 1325 tandem
1566 1299 1673 1336 prae-

219 1333 548 1379 multis—plurim1
565 1334 661 1369 enim
716 1337 858 1370 etamm.
877 1345 934 1370 eo·
959 1334 1098 1369 laturus
1115 1338 1222 1377 esset,
1247 1344 1371 1369 omnes
1387 1333 1427 1369 in
1443 1334 1676 1381 autographo

221 1379 324 1414 dices
352 1382 477 1414 extant
491 1399 538 1406 —
553 1379 601 1414 ab
629 1378 783 1414 Heinsio
806 1379 935 1414 Iahnio
959 1389 1024 1413 suo
1046 1378 1251 1432 adscripsit,
1280 1387 1505 1424 quarumque
1526 1389 1613 1426 pars
1632 1379 1673 1414 in

218 1423 372 1459 Loersio
395 1423 477 1458 aliis
500 1423 676 1459 adhibitis
694 1424 934 1470 deprehendi·
958 1425 1051 1459 haec
1093 1435 1151 1458 ars
1167 1435 1206 1458 m
1220 1423 1286 1458 illa
1302 1423 1524 1470 exemplaria
1538 1423 1672 1470 migra-

218 1473 281 1504 tur
306 1471 410 1514 (quos
432 1468 580 1514 quidem
602 1469 746 1504 codices
769 1480 838 1515 ego
860 1469 934 1504 sive
958 1469 1022 1504 vit.
1066 1436 1129 1503 {ta
1143 1469 1237 1504 XIV
1251 1469 1319 1504 552
1342 1472 1379 1504 et
1400 1470 1556 1522 quodque
1576 1471 1675 1504 sinus

220 1525 346 1549 omnes
377 1513 453 1548 sive
486 1525 529 1548 ex
559 1517 664 1559 parte
695 1527 714 1552 ς
740 1513 934 1559 nominavi,
960 1517 997 1548 et
1027 1515 1189 1559 quodque*
1212 1515 1303 1548 latus
1333 1513 1381 1548 ab
1411 1524 1493 1560 ipso
1524 1513 1672 1550 Nasone

218 1559 441 1604 ubicumque
469 1569 530 1593 eos
559 1559 703 1593 adferre
727 1570 747 1593 e
768 1569 808 1593 re
835 1559 934 1594 vide-
960 1558 1134 1604 scriptum
1151 1561 1217 1593 est.
1241 1557 1411 1593 Efficitur
1428 1568 1474 1593 ea
1487 1569 1540 1603 re,
1561 1562 1604 1593 ut
1619 1558 1674 1593 la-

219 1603 345 1648 batur;
368 1615 453 1638 nam
475 1614 543 1638 nec
565 1603 627 1638 ubi
656 1614 701 1638 ue
725 1614 794 1639 nee
811 1614 934 1638 omnes
960 1604 1046 1639 bore
1060 1602 1230 1638 criticoin
1242 1603 1429 1649 hoeopere
1440 1602 1559 1638 nonid
1575 1613 1672 1639 asse-

221 1649 328 1683 attuli
349 1659 418 1684 nec
439 1649 511 1683 nisi
531 1659 574 1683 ex
593 1649 637 1683 ed
668 1675 674 1682 .
693 1649 800 1684 modo
821 1649 934 1684 nomi-
960 1647 1674 1695 quendumsitutindagetur,quidsolum

220 1693 317 1728 natis
335 1704 395 1728 eos
411 1693 495 1728 novi
502 1694 547 1737 ⁶):
572 1697 699 1739 estque
721 1705 781 1729 res
798 1693 933 1739 dignis·
959 1704 982 1728 a
996 1704 1107 1728 manu
1116 1696 1248 1739 poetae
1261 1692 1415 1746 singulis
1429 1693 1519 1728 locis
1529 1693 1673 1728 venerit

221 1739 313 1773 sima
327 1738 367 1772 in
388 1749 497 1783 quam
513 1738 709 1784 aliquando
731 1738 787 1772 vir
808 1739 934 1773 doctus
958 1741 1056 1779 (nam
1078 1741 1233 1783 utraque
1254 1738 1366 1773 lectio
1389 1737 1437 1777 ab
1465 1748 1508 1772 eo
1529 1737 1674 1774 venisse

219 1783 431 1830 plenissimo
458 1783 654 1818 instructus
678 1786 861 1829 apparatu
881 1783 934 1818 in-
958 1786 1091 1828 potest,
1124 1786 1162 1818 et
1191 1782 1346 1818 fortasse
1372 1783 1496 1829 plures
1527 1792 1672 1828 quoque

222 1829 354 1874 quirat.
390 1828 487 1863 Cave
505 1828 601 1863 enim
618 1829 746 1863 credas
762 1828 934 1863 lectiones
959 1839 1068 1873 quam
1099 1838 1193 1873 quae
1223 1827 1328 1862 nobis
1358 1830 1443 1862 sunt
1472 1827 1674 1873 servatae):

220 1887 240 1911 ς
262 1873 475 1908 recentioris
507 1873 659 1926 originis
691 1883 770 1908 esse
799 1884 932 1908 omnes.
958 1872 1023 1907 sed
1044 1876 1086 1907 ut
1106 1883 1217 1907 unam
1239 1875 1447 1918 certamque
1470 1872 1675 1919 scripturae

221 1918 485 1964 Fragmentum
517 1929 612 1953 enim
644 1917 934 1962 antiquissimum
958 1917 1137 1952 familiam
1159 1917 1410 1962 adhibeamus,
1432 1927 1527 1963 quae
1548 1920 1586 1952 et
1606 1928 1671 1963 po-

221 1963 771 2006 Bernense(cod.‚Bern.363;
790 1962 864 1997 dixi
875 1965 932 2007 B),
958 1962 1149 1997 steriorum
1186 1961 1467 2008 interpolatione
1499 1965 1604 1997 vacet
1634 1965 1673 1997 et

222 2008 320 2052 quod
336 2008 399 2043 lib.
417 2008 436 2042 I
449 2008 593 2042 1—199.
612 2008 717 2043 304-
726 2008 804 2043 309.
823 2008 934 2043 773—-
958 2007 968 2041 i
997 2018 1038 2042 sa
1053 2007 1091 2042 in
1106 2007 1313 2042 universum
1328 2009 1496 2053 spectata
1509 2017 1553 2042 ea
1565 2006 1623 2051 sit,
1640 2006 1672 2041 si

222 2053 299 2087 778.
323 2052 362 2087 ΙΙ
386 2053 508 2087 1-22.
531 2053 591 2087 ΙΙΙ
614 2053 724 2087 1--56
747 2052 934 2087 continens
985 2052 1037 2087 eri
1068 2052 1200 2098 possit,
1239 2063 1349 2097 quam
1380 2051 1674 2087 ‘emendaturus'

222 2098 421 2133 saec.VIII
429 2102 581 2132 exeunte
597 2097 772 2143 scriptum
787 2097 931 2133 Herm.
958 2101 1067 2142 poeta
1081 2097 1309 2143 praelaturus
1324 2095 1446 2131 fuerit.
1492 2095 1601 2132 Hanc
1615 2096 1673 2131 fa·

226 2143 436 2188 Hagenus
463 2142 601 2177 amicus
628 2143 666 2177 in
688 2153 808 2177 meum
829 2154 933 2177 usum
957 2142 1095 2176 miliam
1107 2153 1179 2177 non
1191 2141 1285 2176 libro
1296 2141 1669 2186 B‹qui1190.307a11.

222 2187 389 2231 eontulit,
440 2187 633 2222 lectionem
678 2187 801 2222 multis
846 2188 934 2223 locis
958 2187 1107 2232 optima,
1130 2187 1195 2222 sed
1216 2186 1236 2221 I
1257 2186 1313 2221 59.
1335 2187 1380 2222 81
1402 2186 1463 2221 all.
1489 2186 1675 2222 deteriora

221 2243 367 2277 prorsus
390 2231 500 2267 aliam
523 2236 633 2284 atque
649 2234 680 2267 A
698 2233 874 2267 continet:
898 2235 934 2267 et
958 2243 1067 2277 quam
1088 2233 1120 2267 A
1143 2231 1322 2277 praebet),
1345 2231 1411 2267 sed
1431 2231 1526 2266 libro
1546 2231 1596 2266 M
1612 2241 1671 2266 re·

220 2289 306 2312 vero
329 2277 495 2322 quisnam
512 2288 554 2312 ex
576 2288 658 2322 1psa
677 2289 716 2312 re
733 2277 934 2312 diiudicare
958 2277 1186 2323 praesentari
1212 2276 1306 2321 dieo,
1338 2275 1370 2311 si
1401 2275 1548 2322 quidem
1579 2286 1670 2311 sana

220 2322 372 2367 poterit,
403 2326 524 2357 utrum
556 2334 587 2358 e.
610 2334 641 2358 c.
669 2323 689 2357 I
712 2322 756 2358 70
786 2329 817 2357 et
847 2335 935 2368 quae
959 2333 1040 2357 eum
1054 2322 1195 2357 ratione
1212 2320 1417 2367 adhibetur.
1449 2321 1545 2357 Nam
1560 2323 1599 2355 et
1608 2321 1673 2356 hie

217 2379 341 2413 pressa
362 2368 420 2401 diu
435 2379 551 2402 massa
573 2369 704 2402 latuere
718 2368 781 2402 sub
797 2369 859 2402 illa
875 2368 934 2411 (A)
958 2367 1047 2402 satis
1073 2367 1267 2402 mendosus
1289 2369 1357 2408 est,
1385 2366 1416 2400 si
1440 2365 1587 2412 quidem
1608 2365 1674 2400 hio

221 2423 268 2447 an
285 2419 316 2446 et
333 2424 419 2458 quae
428 2424 554 2457 pressa
565 2414 623 2446 diu
638 2412 777 2456 fuerant
790 2413 935 2464 caligine
957 2412 1033 2447 illic
1068 2411 1238 2447 librarius
1279 2410 1435 2446 evanida
1476 2410 1670 2463 archetypi

219 2457 934 2547 111?ssssfft'ffissssissffiibffissussdessff
957 2455 1674 2546 323g251nv‘33‘3322t23222322233ffi

219 2546 343 2582 monia
364 2550 550 2581 auctorum
572 2547 745 2593 progredi
766 2547 869 2591 licet3
894 2547 934 2582 in
957 2558 1266 2592 successurumque,
1288 2545 1327 2581 X
1341 2546 1409 2581 653
1419 2546 1589 2590 pendebat
1630 2555 1673 2580 a·

220 2591 353 2637 quibus
366 2601 587 2637 quamquam
598 2592 793 2627 memoriae
807 2592 933 2627 errori-
958 2592 1021 2627 bet
1035 2602 1102 2637 pro
1113 2593 1201 2636 pede
1216 2592 1310 2634 libat,
1325 2590 1400 2626 XII
1419 2590 1486 2626 525
1500 2591 1584 2625 haee
1597 2591 1671 2635 add·

956 2648 1023 2682 pro
1035 2637 1181 2683 liquidis,
1197 2635 1366 2673 X1V202
1377 2636 1504 2681 ciclops
1516 2635 1667 2670 am‘rnum

254 2682 271 2708 6
288 2682 323 2707 In
330 2682 483 2708 nonnullis
491 2690 592 2708 eorum
599 2683 791 2714 interpolatio
800 2683 861 2709 late
867 2690 933 2715 pro—

219 2718 327 2748 pagata
339 2719 392 2748 est,
412 2717 643 2748 cavendumque,
658 2719 690 2741 ut
702 2717 776 2742 haec
788 2723 807 2742 a
817 2718 934 2742 vetusta
991 2717 1007 2743 ⁷
1029 2716 1233 2742 Hexastichon
1256 2715 1335 2748 quod
1359 2715 1483 2742 Ovidius
1507 2714 1591 2747 operi
1614 2721 1673 2740 suo

218 2750 273 2775 illa
303 2751 458 2776 contextus
482 2749 683 2782 discrepantia
706 2751 800 2782 probe
824 2750 932 2776 discer—
956 2750 1107 2782 praemitti
1118 2750 1213 2782 iussit,
1221 2750 1301 2775 unde
1312 2749 1386 2774 haec
1397 2749 1491 2774 verba
1502 2748 1621 2782 sumpsi,
1635 2748 1674 2776 in

218 2785 320 2809 natur.
956 2784 1033 2809 libro
1046 2783 1078 2808 M
1087 2790 1192 2810 revera
1202 2784 1396 2815 praemissum
1408 2782 1526 2815 legitur.
