1774 3256
333 251 362 293 2
781 260 825 295 Ρ.
851 260 1016 297 OV1D11
1039 258 1255 297 NASONIS

334 341 540 397 principio
563 349 737 392 ten-am,
762 357 815 384 ne
838 357 923 384 non
948 342 1133 396 aequalis
1158 342 1212 384 ab
1236 341 1350 384 omni

268 411 311 442 35
334 405 453 454 parte
477 399 605 448 foret,
629 398 772 454 magni
796 398 979 454 speciem
1003 398 1252 454 glomeravit
1274 399 1318 441 in
1342 398 1472 442 orbis.
1519 399 1522 402 ’

335 464 437 496 tunc
461 454 569 497 freta
593 454 763 496 diffudit
785 454 1026 510 rapidisque
1050 463 1282 497 tumescere
1306 455 1440 498 ventis

335 510 457 552 iussit
480 519 522 552 et
545 511 728 553 ambitae
751 510 1010 553 circumdare
1033 511 1156 553 litora
1178 519 1326 554 terrae.

336 566 498 608 addidit
522 574 563 609 et
587 566 724 609 fontes
749 574 791 610 et
813 566 1176 623 stagnaimmensa
1198 568 1414 623 lacusque,

336 623 595 678 fluminaque
620 623 800 678 obliquis
825 624 955 666 cinxit
979 623 1156 666 declivia
1178 624 1294 680 ripiS,

268 693 313 725 40
338 694 466 734 quae,
492 680 658 722 diversa
679 680 800 730 locis,
826 680 979 736 partim
1002 680 1224 723 sorbentur
1247 681 1301 722 ab
1324 680 1431 736 ipsa,
1480 701 1486 706 ·

336 737 381 778 in
404 751 520 779 mare
543 737 794 793 perveniunt
816 737 981 792 partim,
1006 751 1239 792 campoque
1263 743 1434 793 recepta

335 793 540 836 liberioris
564 808 698 848 aquae
722 808 797 849 pro
821 793 923 848 ripis
945 793 1068 835 litora
1090 793 1273 848 pulsant.

336 850 460 892 iussit
483 858 525 893 et
548 850 718 892 extendi
742 864 930 905 campos,
955 849 1172 891 subsidere
1196 850 1340 899 valles,

337 906 487 949 fronde
511 907 598 962 tegi
622 906 761 956 silvas,
785 906 995 961 lapidosos
1020 921 1191 961 surgere
1215 914 1392 949 montes.

269 976 313 1008 45
336 970 467 1019 utque
491 963 599 1006 duae
623 962 770 1005 dextra
792 963 955 1005 caelum
977 962 1234 1017 totidemque
1258 962 1427 1005 sinistra

337 1028 457 1076 parte
482 1027 626 1062 secant
648 1034 800 1069 zonae,
825 1020 972 1073 quinta
996 1028 1058 1061 est
1082 1020 1292 1061 ardentior
1314 1016 1415 1061 illis:

339 1077 399 1119 sic
423 1091 528 1118 onus
555 1076 764 1119 inclusum
787 1090 962 1118 numero
988 1075 1176 1117 distinxit
1200 1076 1348 1118 eodem

339 1147 441 1176 cura
465 1133 551 1182 dei,
575 1132 835 1186 totidemque
858 1133 1010 1188 plagae
1034 1133 1181 1174 tellure
1206 1137 1467 1188 premuntur.

338 1203 518 1244 quarum
542 1203 651 1244 quae
674 1189 813 1231 media
837 1195 918 1238 est,
942 1203 1027 1230 non
1051 1196 1114 1230 est
1138 1187 1376 1230 habitabilis
1400 1192 1540 1230 aestu:

270 1259 314 1290 50
338 1246 412 1288 nix
435 1246 539 1302 tegit
563 1246 648 1287 alta
671 1245 776 1287 duas
784 1261 795 1295 ;
820 1245 994 1287 totidem
1017 1245 1125 1287 inter
1147 1252 1369 1300 utramque
1391 1243 1547 1287 locavit

338 1302 667 1358 temperiemque
691 1302 805 1344 dedit
828 1301 961 1343 mixta
985 1316 1082 1343 cum
1105 1301 1262 1357 frigore
1284 1301 1467 1343 flamma.
1741 1298 1769 1339 ’ἑ

336 1359 528 1401 imminet
550 1358 615 1400 his
640 1361 723 1400 ae'r.
782 1358 874 1412 qui,
899 1366 1055 1412 quanto
1080 1364 1143 1400 est
1166 1357 1351 1413 pondere
1375 1364 1510 1399 terrae
1746 1365 1769 1381 ⁵·-

336 1415 502 1481 pondus
526 1429 661 1469 aquae
683 1414 838 1465 levius,
862 1421 978 1456 tanto
1003 1421 1066 1457 est
1089 1413 1301 1457 onerosior
1322 1413 1426 1470 igni.

337 1472 422 1513 1llic
446 1478 488 1514 et
510 1472 706 1521 nebulas,
730 1471 814 1513 illic
838 1471 1065 1513 consistere
1088 1471 1222 1513 nubes

270 1540 312 1571 55
337 1527 458 1570 iussit
481 1534 523 1570 et
546 1527 752 1569 humanas
775 1535 940 1569 motura
963 1527 1147 1569 tonitrua
1169 1534 1331 1570 mentes

339 1591 380 1626 et
405 1599 501 1626 cum
524 1584 771 1626 fulminibus
795 1583 997 1627 facientes
1021 1583 1180 1639 frigora
1203 1590 1364 1626 ventos.

337 1641 402 1682 his
427 1655 595 1695 quoque
618 1654 703 1682 non
726 1640 884 1696 passim
906 1640 1054 1682 mundi
1077 1640 1304 1682 fabricator
1326 1637 1568 1682 habendum

339 1701 437 1739 ae'ra
459 1697 647 1752 permisit
655 1713 666 1747 ;
690 1697 763 1738 vix
786 1711 899 1738 nunc
922 1696 1139 1738 obsistitur
1161 1696 1256 1746 illis,

339 1768 437 1796 cum
461 1768 537 1795 sua
560 1753 739 1807 quisque
762 1760 910 1808 regant
934 1753 1099 1795 diverso
1124 1753 1294 1794 flamina
1317 1758 1466 1802 tractu,

271 1823 315 1855 60
339 1810 441 1864 quin
464 1810 623 1852 lanient
645 1809 868 1850 mundum:
894 1815 1010 1850 tanta
1034 1816 1097 1851 est
1121 1808 1329 1851 discordia
1351 1808 1542 1850 fratrum.

339 1881 464 1908 eurus
489 1866 542 1907 ad
567 1880 759 1907 auroram
783 1865 1086 1919 Nabataeaque
1109 1880 1242 1921 regna
1263 1864 1436 1907 recessit

337 1922 599 1976 Persidaque
624 1930 666 1964 et
688 1922 815 1964 radiis
838 1922 940 1977 iuga
966 1922 1135 1963 subdita
1157 1921 1385 1963 matutinis.

337 1993 488 2034 vesper
512 1987 571 2028 et,
597 1978 771 2020 occiduo
795 1992 903 2033 quae
926 1977 1048 2020 litora
1072 1978 1158 2020 sole
1181 1984 1414 2033 tepescunt,

337 2035 529 2090 proxima
554 2042 649 2076 sunt
674 2035 878 2090 zephyro:
904 2033 1124 2090 Scythiam
1147 2042 1392 2090 septemque
1416 2033 1573 2076 triones

271 2107 313 2138 65
338 2091 517 2133 horrifer
540 2091 693 2133 invasit
717 2092 879 2133 boreas.
940 2091 1148 2134 contraria
1170 2091 1294 2133 tellus

336 2148 521 2189 nubibus
546 2148 724 2189 assiduis
747 2147 975 2203 pluvioque
999 2147 1202 2190 madescit
1225 2146 1279 2189 ab
1303 2153 1457 2189 austro.

335 2204 442 2246 haec
465 2219 591 2259 super
613 2204 813 2260 imposuit
837 2204 1041 2259 liquidum
1067 2212 1107 2246 et
1130 2203 1335 2259 gravitate
1360 2209 1572 2245 carentem

339 2260 509 2303 aethera
531 2275 609 2303 nec
634 2261 860 2315 quicquam
884 2268 1071 2303 terrenae
1095 2259 1224 2302 faecis
1247 2259 1485 2302 habentem.

337 2317 409 2358 vix
433 2331 484 2360 ea
506 2317 706 2359 limitibus
731 2318 1010 2373 dissaepserat
1033 2316 1174 2358 omnia
1198 2315 1333 2366 certis,

270 2389 312 2419 70
338 2388 454 2424 cum,
479 2387 588 2428 quae
612 2389 757 2429 pressa
781 2374 854 2415 diu
877 2389 1016 2415 massa
1038 2373 1198 2415 latuere
1222 2372 1302 2414 sub
1326 2372 1412 2423 illa,

337 2430 474 2472 sidera
498 2437 725 2485 coeperunt
748 2437 835 2472 toto
861 2429 1133 2473 effervescere
1157 2429 1286 2471 caelo.

335 2501 419 2528 neu
443 2487 560 2541 regio
584 2487 692 2529 foret
716 2487 803 2528 ulla
826 2486 913 2529 suis
939 2486 1188 2528 animalibus
1213 2485 1330 2535 orba,

336 2549 449 2584 astra
471 2549 615 2584 tenent
640 2543 818 2585 caeleste
843 2543 978 2584 solum
1002 2543 1247 2596 formaeque
1272 2541 1460 2592 deorum,

335 2606 551 2641 cesserunt
573 2598 713 2640 nitidis
738 2599 991 2641 habitandae
1013 2599 1199 2655 piscibus
1221 2597 1375 2648 undae,

270 2667 310 2698 75
335 2662 447 2697 terra
470 2654 582 2696 feras
607 2655 735 2710 cepit,
760 2656 951 2698 volucres
976 2655 1186 2711 agitabilis
1211 2658 1295 2697 ae'r.
1763 2690 1774 2708 :-

393 2710 591 2753 Sanctius
615 2710 681 2753 his
706 2712 859 2753 animal
883 2712 1117 2766 mentisque
1142 2711 1336 2767 capacius
1361 2710 1470 2753 altae
1538 2731 1678 2767 Crem-0

335 2767 478 2810 deerat
502 2767 657 2816 adhuc,
683 2774 724 2810 et
747 2768 862 2823 quod
887 2768 1092 2811 dominari
1114 2768 1158 2810 in
1182 2774 1319 2810 cetera
1341 2773 1496 2823 posset.
1535 2777 1688 2812 hominis.
1742 2795 1747 2821 ;
1769 2788 1774 2820 i
