1786 3242
277 247 773 286 METAMORPHOSEON
795 248 893 285 LIB.
918 248 994 286 XV
996 275 1004 284 .
1028 248 1222 285 493—580.

51 330 292 382 invidiam,
315 330 469 374 densas
493 330 647 373 obiecit
672 328 860 385 Cynthia
883 330 1038 379 nubes3

48 395 115 432 ‘ut
143 402 199 432 ue
221 387 358 431 forem
381 394 499 430 tutus
520 400 774 443 possemque
797 386 970 442 impune
993 385 1142 437 videri,

10 459 12 500 J
64 401 231 489 addidit
252 451 436 487 aetatem
458 458 538 487 nec
560 442 857 499 cognoscenda
879 443 1048 498 reliquit

0 527 1 549 1
59 515 143 544 -ora
163 499 286 551 mihi;
312 498 554 555 Cretenque
577 500 651 542 diu
675 499 885 542 dubitavit
907 499 1149 542 habendam

66 556 252 601 traderet
274 572 330 599 an
352 557 508 600 Delon.
565 556 679 599 Delo
704 554 919 610 Cretaque
943 556 1097 598 relictis

65 612 137 657 hie
157 613 321 670 posuit,
343 626 583 667 nomenque
607 613 752 662 simul,
777 612 893 667 quod
916 612 1050 668 possit
1074 626 1279 667 equorum

63 669 356 719 admonuisse,
378 669 498 712 iubet
521 669 752 724 deponere,
777 668 1002 723 “qui’'que
1027 668 1179 711 “fuisti

65 725 370 784 Hippolytus,''
395 725 503 768 dixit
525 730 673 768 “nunc
696 725 810 768 idem
835 724 1010 768 Virbius
1035 725 1167 768 esto.'’

65 782 148 827 hoc
171 797 322 826 nemus
345 782 444 826 inde
468 782 574 833 colo,
599 782 653 825 de
677 782 828 837 disque
850 782 1084 824 minoribus
1108 796 1218 824 unus

64 839 239 884 numine
263 838 344 882 sub
367 838 563 882 dominae
586 839 698 882 lateo
722 846 851 893 atque
875 852 1101 881 accenseor
1123 838 1210 880 illi.’

122 895 223 939 Non
246 903 390 939 tamen
413 895 597 952 Egeriae
619 895 760 938 luctus
785 894 922 938 aliena
946 895 1088 937 levare

63 952 224 996 damna
247 952 407 995 valentz
432 952 672 1007 montisque
695 951 838 994 iacens
862 951 1075 993 radicibus
1098 950 1194 993 imis

8 1041 12 1046 »
65 1009 241 1065 liquitur
262 1009 307 1051 in
329 1009 545 1059 lacrimas,
569 1009 704 1051 donec
727 1008 886 1065 pietate
910 1008 1090 1050 dolentis

9 1112 11 1114 ,
32 1114 33 1118 ¹
64 1073 182 1109 mota
204 1079 324 1108 soror
345 1065 513 1108 Phoebi
535 1065 725 1122 gelidum
749 1065 802 1108 de
826 1079 1001 1120 corpore
1026 1064 1188 1107 fontem

64 1122 168 1167 fecit
190 1129 234 1165 et
255 1129 449 1166 aeternas
473 1129 590 1165 artus
613 1122 805 1165 tenuavit
827 1122 872 1163 in
895 1121 1045 1163 undas.

26 1174 34 1191 '³
121 1178 180 1221 Et
208 1178 419 1235 nymphas
441 1178 582 1235 tetigit
603 1193 716 1221 nova
739 1193 827 1228 res,
852 1186 896 1221 et
919 1179 1141 1220 Amazone
1165 1184 1291 1220 natus

8 1235 11 1238 ⁴
64 1235 181 1280 haud
204 1235 326 1278 aliter
348 1235 530 1292 stupuit,
553 1249 683 1290 quam
707 1250 805 1278 cum
829 1235 1077 1290 Tyrrhenus
1102 1243 1242 1276 arator

11 1316 36 1325 --
62 1291 238 1336 fatalem
260 1291 459 1348 glaebam
481 1291 632 1335 mediis
656 1292 819 1347 aspexit
843 1291 888 1333 in
912 1291 1024 1333 arvis

14 1340 30 1393 ,Ξ
63 1355 216 1405 sponte
241 1363 319 1391 sua
341 1348 526 1404 primum
548 1348 751 1403 nulloque
776 1348 965 1404 agitante
989 1347 1163 1397 moveri,

65 1419 232 1449 sumere
257 1419 359 1447 mox
382 1404 564 1447 hominis
587 1414 809 1459 terraeque
835 1405 1026 1447 amittere
1050 1404 1245 1455 formam,

63 1475 223 1516 oraque
246 1461 436 1504 venturis
459 1462 622 1517 aperire
646 1461 832 1505 recentia
855 1461 954 1503 fatis

63 1517 312 1574 (indigenae
336 1517 482 1561 dixere
505 1518 675 1574 Tagen,
700 1517 775 1573 qui
799 1518 959 1573 primus
985 1516 1213 1560 Etruscam

63 1573 235 1618 edocuit
256 1582 431 1630 gentem
453 1588 577 1617 casus
601 1574 764 1630 aperire
788 1575 993 1627 futuros):

64 1634 166 1674 utve
189 1630 397 1673 Palatinis
419 1631 664 1674 haerentem
689 1631 867 1674 collibus
892 1631 992 1673 olim

63 1701 164 1730 cum
187 1687 328 1730 subito
352 1687 459 1730 vidit
481 1687 750 1731 frondescere
774 1688 983 1730 Romulus
1008 1686 1186 1738 hastam,

64 1757 176 1799 quae
197 1742 341 1786 radice
363 1758 494 1794 nova,
517 1758 603 1786 non
625 1744 738 1786 ferro
763 1744 903 1786 stabat
927 1744 1091 1794 adacto,

62 1807 109 1843 et
130 1799 217 1843 iam
238 1813 326 1843 non
348 1800 501 1851 telum,
525 1801 601 1843 sed
623 1801 727 1843 lenti
752 1800 919 1842 viminis
944 1801 1070 1842 arbor

63 1870 152 1900 non
175 1863 419 1912 expectatae
442 1857 572 1899 dabat
596 1857 903 1899 admirantibus
928 1857 1118 1899 umbras:

62 1919 140 1956 aut
161 1927 240 1956 sua
261 1912 463 1956 fluminea
486 1928 583 1956 cum
608 1914 712 1955 vidit
737 1912 873 1969 Cipus
898 1914 943 1955 in
966 1913 1083 1955 unda

64 1983 238 2012 cornua.
295 1969 402 2012 vidit
424 1970 557 2020 enim,
582 1970 819 2025 falsamque
843 1970 888 2012 in
912 1970 1098 2025 imagine
1123 1970 1299 2012 credens

11 2059 19 2078 ρ
64 2040 159 2069 esse
180 2025 331 2076 fidem,
355 2026 499 2082 digitis
523 2027 579 2069 ad
602 2027 784 2069 frontem
809 2042 936 2083 saepe
959 2027 1115 2076 relatis,

8 2088 16 2119 ’ἱ
63 2095 176 2138 quae
199 2082 324 2132 vidit,
349 2082 500 2138 tetigit.
558 2097 638 2126 nec
660 2084 746 2125 iam
771 2099 848 2126 sua
871 2084 1032 2126 lumina
1056 2083 1263 2126 damnans

64 2138 236 2188 restitit,
260 2147 309 2181 ut
331 2139 466 2182 victor
489 2139 648 2182 domito
673 2140 888 2182 remeabat
912 2140 966 2182 ab
992 2140 1126 2189 hoste,

12 2240 14 2242 ,
62 2195 121 2238 ad
144 2195 396 2251 caelumque
419 2196 564 2238 oculos
588 2204 630 2239 et
654 2197 804 2239 eodem
829 2196 1028 2239 bracchia
1051 2197 1202 2239 tollens

0 2273 1 2276 ¹
66 2251 320 2307 ‘quidquid,‘
344 2252 403 2295 ait
427 2252 610 2309 ‘superi,
634 2261 823 2295 monstro
847 2253 1111 2309 portenditur
1134 2253 1228 2303 isto,

62 2322 143 2351 seu
164 2308 326 2351 laetum
348 2316 432 2359 est,
455 2309 618 2375 patriae
641 2310 801 2352 laetum
824 2310 1068 2365 populoque
1093 2308 1278 2363 Quirini,

66 2364 157 2407 sive
179 2364 348 2415 minax,
370 2364 476 2408 milu
500 2365 580 2408 sit.'
640 2365 849 2421 viridique
874 2381 897 2409 e
922 2366 1108 2422 caespite
1132 2366 1267 2409 factas

9 2461 11 2467 χ
65 2420 207 2477 placat
229 2420 415 2464 odoratis
440 2422 641 2465 herbosas
666 2423 837 2479 ignibus
861 2438 955 2464 aras

7 2513 13 2521 .
97 2476 108 2487 ’
196 2492 251 2520 ue
274 2477 348 2520 dat
370 2479 527 2534 pateris
551 2486 915 2534 mactatarumque
939 2479 1174 2527 bidentum,

4 2540 14 2586 j
65 2533 171 2588 quid
195 2533 277 2577 sibi
300 2534 559 2591 significent,
584 2535 839 2591 trepidantia
862 2536 1043 2578 consulit
1067 2545 1178 2578 exta.

66 2603 179 2644 quae
203 2590 330 2633 simul
359 2591 523 2648 aspexit
547 2591 794 2648 Tyrrhenae
818 2593 956 2648 gentis
981 2592 1210 2648 haruspex,

66 2660 224 2703 magna
247 2646 420 2702 quidem
443 2663 586 2691 rerum
610 2649 828 2691 molimina
852 2648 957 2691 vidit
980 2649 1023 2691 in
1048 2649 1143 2698 illis,

0 2707 14 2739 ,ἔ
65 2717 154 2745 non
175 2703 404 2746 manifesta
426 2711 581 2748 tamen.
642 2720 740 2748 cum
763 2720 864 2748 vero
889 2705 1057 2748 sustulit
1082 2720 1179 2749 acre

0 2769 13 2803 μ’
65 2773 92 2801 a
113 2759 288 2816 pecudis
312 2759 429 2805 fibris
454 2762 510 2804 ad
535 2759 633 2819 Cipi
658 2776 817 2806 cornua
840 2763 998 2813 lumen,

18 1959 22 1970 η
0 1898 22 1919 ’ἕῖ
3 1835 30 1890 ἱξζῆ
0 1671 31 1830 ψΝ-ὄρῦᾊῇἣό.
0 1574 26 1664 ξιξς-ιϊῼςψ
12 1465 34 1525 aja:
19 1416 22 1418 ⁴
13 1391 36 1406 ’.Ι
11 1340 16 1349 “

1354 239 1440 282 267

1465 513 1534 546 540

1465 796 1533 828 545

1466 1079 1535 1112 550

1408 1247 1533 1291 Taqes.

1466 1362 1534 1394 555

1468 1588 1535 1620 559

1391 1630 1538 1666 Romuli

1408 1677 1523 1711 hasta.

1466 1870 1536 1903 564

1417 1924 1535 1969 Czpus.

1468 2211 1537 2243 570

1469 2493 1538 2525 575

1468 2767 1538 2799 580
