1774 3256
356 271 386 314 4
803 278 846 312 Ρ.
874 277 1039 315 OV1D11
1062 276 1278 314 NASONIS

358 368 400 404 et
424 359 542 403 densi
565 359 739 402 frutices
763 365 806 401 et
829 358 994 400 vinctae
1019 358 1172 401 cortice
1196 358 1356 414 virgae.

359 417 519 460 semina
541 422 631 458 tum
654 415 838 480 primum
860 415 999 470 longis
1024 413 1218 457 Cerealia
1241 414 1366 457 sulcis

354 473 510 518 obruta
534 478 649 521 sunt,
674 471 890 528 pressique
913 471 1014 537 iugo
1038 485 1237 540 gemuere
1261 469 1440 514 iuvenci.

272 544 334 575 125
416 528 562 570 Tertia
584 535 700 594 post
703 527 795 569 illas
820 527 1023 570 successit
1046 531 1177 570 aenea
1198 527 1351 593 proles,

359 585 523 628 saevior
545 584 724 640 ingeniis
749 590 791 626 et
815 583 870 626 ad
893 583 1062 626 horrida
1086 583 1321 650 promptior
1340 598 1470 634 arma,

357 656 443 684 non
468 641 669 683 scelerata
693 647 847 683 tamen.
870 664 930 671 —
953 640 1005 706 de
1030 641 1135 682 duro
1160 648 1224 683 est
1246 639 1394 682 ultima
1416 639 1542 683 ferro.

358 697 549 755 protinus
573 697 723 754 irrupit
745 711 878 739 venae
901 696 1054 753 peioris
1077 696 1122 739 in
1145 711 1297 739 aevum

359 769 484 796 omne
507 753 640 796 nefas.
699 753 848 809 fugere
871 753 1007 809 pudor
1029 767 1262 808 verumque
1284 752 1492 808 fidesque·

272 824 337 856 130
359 811 404 853 in
427 824 607 865 quorum
631 788 798 852 subiere
820 810 961 851 locum
984 810 1238 864 fraudesque
1263 809 1432 864 dolique

359 866 620 921 insidiaeque
644 873 686 908 et
709 866 772 908 vis
797 873 839 908 et
862 880 980 908 amor
1002 866 1244 908 sceleratus
1252 865 1447 917 habendi.

361 925 456 965 vela
480 923 639 964 dabant
660 922 796 964 ventis
821 922 978 977 (neque
1002 922 1141 965 adhuc
1165 923 1272 965 bene
1295 928 1470 964 noverat
1491 921 1586 964 illos

359 979 535 1035 navita),
559 993 751 1033 quaeque
776 978 849 1020 diu
873 986 1073 1022 steterant
1094 979 1139 1021 in
1161 979 1373 1021 montibus
1397 977 1505 1029 altis,

358 1035 557 1078 fluctibus
580 1035 735 1091 ignotis
759 1035 1013 1078 insultavere
1038 1035 1215 1078 carinae.

271 1105 335 1136 135
360 1106 710 1146 communemque
733 1092 868 1147 prius,
894 1107 972 1134 ceu
994 1092 1156 1133 lumina
1179 1091 1277 1134 solis
1302 1098 1344 1134 et
1367 1105 1504 1142 auras,

361 1156 510 1191 cautus
534 1148 712 1190 humum
734 1149 862 1204 longo
884 1148 1068 1213 signavit
1090 1148 1221 1190 limite
1245 1161 1426 1190 mensor.

360 1220 439 1247 nec
462 1211 627 1246 tantum
652 1211 816 1260 segetes
841 1204 1123 1259 alimentaque
1148 1204 1291 1246 debita
1314 1203 1432 1247 dives

359 1261 612 1317 poscebatur
634 1260 806 1310 humus,
831 1261 906 1303 sed
928 1261 1035 1302 itum
1059 1268 1122 1303 est
1144 1261 1188 1302 in
1212 1261 1375 1303 viscera
1397 1267 1550 1303 terrae:

361 1331 551 1372 quasque
574 1317 865 1359 recondiderat
889 1316 1136 1373 Stygiisque
1161 1317 1406 1360 admoverat
1428 1316 1603 1366 umbris,

272 1388 337 1419 140
361 1374 619 1416 effodiuntur
642 1387 762 1429 opes,
786 1373 1047 1416 irritamenta
1069 1374 1289 1416 malorum.

359 1430 529 1484 iamque
552 1444 708 1472 nocens
731 1429 890 1472 ferrum
914 1430 1109 1485 ferroque
1133 1429 1352 1473 nocentius
1377 1444 1527 1472 aurum

362 1487 595 1551 prodierat3
620 1486 758 1541 prodit
782 1486 970 1537 Bellum,
996 1487 1110 1541 quod
1133 1494 1296 1552 pugnat
1318 1493 1510 1542 utroque,

363 1542 680 1598 sanguineaque
703 1557 833 1584 manu
857 1543 1104 1599 crepitantia
1128 1543 1312 1585 concutit
1335 1557 1464 1585 arma.

360 1599 516 1641 vivitur
539 1614 593 1641 ex
615 1606 756 1654 rapt03
780 1613 865 1641 non
889 1599 1040 1655 hospes
1065 1600 1120 1642 ab
1144 1599 1308 1655 hospite
1331 1606 1462 1650 tutus,

272 1671 335 1702 145
359 1669 444 1698 non
469 1669 587 1697 socer
610 1671 635 1696 a
659 1670 834 1710 gener03
859 1655 1037 1698 fratrum
1062 1670 1280 1711 quoquee
1256 1655 1391 1698 orat-ia
1413 1670 1508 1699 rara
1531 1662 1607 1699 est.

358 1712 550 1754 imminet
573 1712 700 1753 exitio
723 1712 787 1753 vir
810 1712 1020 1768 coniugis,
1044 1712 1116 1754 illa
1139 1712 1296 1754 mariti.

359 1768 497 1810 lurida
519 1767 724 1810 terribiles
749 1768 927 1810 miscent
935 1746 1116 1811 ²³aconita
1139 1783 1364 1811 novercae:
1755 1782 1774 1837 3

1734 235 1747 244 ,,

1736 260 1749 286 ¹1.

1739 355 1749 379 ζ
1768 330 1774 377 Ἴ.

1743 486 1771 588 ³2}

1723 699 1769 780 {⁴

1721 782 1724 786 ⁴
1750 775 1769 815 ξ’

1751 888 1774 1028 Ξ

1751 1023 1774 1064 :³⁰4

1744 1063 1774 1090 {⁴35

359 1824 469 1866 filius
495 1831 591 1866 ante
616 1824 728 1866 diem
750 1825 907 1879 patrios
932 1824 1104 1879 inquirit
1126 1825 1170 1866 in
1195 1839 1340 1867 annos.

359 1881 471 1922 victa
494 1880 603 1922 iacet
627 1881 759 1936 pietas
767 1897 778 1931 3
804 1888 846 1922 et
870 1881 989 1936 virgo
1015 1881 1142 1924 caede
1166 1881 1382 1924 madentes

272 1952 336 1983 150
359 1938 507 1979 ultima
531 1937 759 1979 caelestum
783 1944 915 1979 terras
939 1938 1121 1980 Astraea
1143 1938 1323 1992 reliquit.

415 1993 536 2035 Neve
560 1993 669 2035 foret
692 1993 812 2035 terris
837 1994 1022 2036 securior
1045 1994 1200 2035 arduus
1225 1993 1382 2045 aether,
1553 1964 1771 2098 &igunto-{⁴45
1755 2020 1757 2022 -

360 2050 580 2092 affectasse
605 2049 747 2091 ferunt
768 2065 947 2105 regnum
972 2050 1150 2092 caeleste
1175 2049 1384 2106 Gigantas
1562 2039 1672 2073 ’nach‘
1674 2050 1707 2073 a.
1747 2070 1767 2084 ·

360 2106 528 2160 altaque
553 2113 774 2161 congestos
799 2106 999 2148 struxisse
1025 2107 1079 2148 ad
1103 2107 1240 2149 sidera
1262 2113 1440 2149 montes.

359 2169 450 2204 tum
474 2169 594 2217 pater
618 2162 881 2227 omnipotens
905 2162 1033 2204 misso
1056 2163 1257 2219 perfregit
1282 2161 1519 2218 Olympum

271 2232 334 2263 155
358 2218 533 2260 fulmine
558 2225 599 2260 et
623 2218 806 2260 excussit
830 2219 1018 2261 subiecto
1042 2219 1193 2261 Pelion
1217 2217 1367 2261 Ossae.
1734 2217 1774 2276 ἐξ

359 2275 510 2316 obruta
534 2275 643 2317 mole
668 2290 745 2316 sua
769 2289 865 2316 cum
891 2290 1066 2331 corpora
1089 2275 1179 2317 dira
1201 2275 1399 2325 iacerent,
1760 2279 1768 2286 ”

358 2331 572 2386 perfusam
597 2332 728 2372 multo
752 2338 948 2373 natorum
973 2332 1178 2387 sanguine
1201 2331 1377 2374 Terram

358 2387 630 2429 immaduisse
654 2387 796 2430 ferunt
819 2388 1087 2442 calidumque
1111 2388 1319 2430 animasse
1343 2401 1548 2438 cruorem,

360 2451 420 2493 et,
445 2459 498 2485 ne
522 2444 638 2486 nulla
662 2459 763 2486 suae
788 2444 926 2500 stirpis
950 2445 1206 2487 monimenta
1228 2451 1458 2493 manerent,

271 2512 336 2544 160
358 2499 401 2541 in
425 2499 578 2542 faciem
601 2501 775 2543 vertisse
799 2501 1030 2543 hominum.
1090 2501 1165 2543 sed
1188 2507 1230 2543 et
1252 2501 1324 2542 illa
1347 2514 1536 2566 propago

359 2556 637 2611 contemptrix
663 2571 862 2612 superum
887 2571 1121 2612 saevaeque
1145 2556 1387 2599 avidissima
1411 2556 1551 2599 caedis

358 2619 399 2654 et
424 2612 608 2654 violenta
631 2613 730 2654 fuit:
756 2613 883 2655 scires
908 2629 931 2656 e
955 2614 1160 2669 sanguine
1183 2620 1316 2655 natos.
1738 2614 1774 2653 ἐξ

415 2667 539 2721 Quae
564 2676 682 2724 pater
705 2676 751 2710 ut
775 2684 940 2711 summa
964 2670 1069 2712 vidit
1093 2669 1317 2713 Saturnius
1342 2684 1450 2721 arce,
1527 2669 1719 2704 0⁰⁷202'22'um
1741 2656 1774 2720 ἕ

356 2723 534 2780 ingemit
557 2732 616 2775 et,
640 2725 753 2767 facto
777 2726 965 2767 nondum
988 2726 1161 2782 vulgata
1183 2726 1341 2769 recenti
1543 2714 1694 2749 deorum.
1744 2719 1770 2778 ἐξ

269 2793 333 2824 165
358 2761 483 2823 foeda
506 2781 749 2837 Lycaoniae
774 2781 958 2824 refeiens
984 2783 1175 2825 convivia
1198 2797 1382 2834 mensae,
1744 2791 1774 2822 i

1746 2917 1774 2945 34!

1758 3007 1774 3024 1Ι

1750 3047 1774 3075 ³3

1756 3087 1763 3095 .

1742 3076 1774 3256 4⁴
