<?xml version="1.0" encoding="UTF-8"?>
<!DOCTYPE html PUBLIC "-//W3C//DTD XHTML 1.0 Transitional//EN"
    "http://www.w3.org/TR/xhtml1/DTD/xhtml1-transitional.dtd">
<html xmlns="http://www.w3.org/1999/xhtml" xml:lang="en" lang="en">
 <head>
  <title>
</title>
<meta http-equiv="Content-Type" content="text/html;charset=utf-8" />
  <meta name='ocr-system' content='tesseract 3.04.00' />
  <meta name='ocr-capabilities' content='ocr_page ocr_carea ocr_par ocr_line ocrx_word'/>
</head>
<body>
  <div class='ocr_page' id='page_1' title='image "./carminao02oviduoft_0248.png"; bbox 0 0 1786 3242; ppageno 0'>
   <div class='ocr_carea' id='block_1_1' title="bbox 410 296 1332 340">
    <p class='ocr_par' dir='ltr' id='par_1_1' title="bbox 410 296 1332 340">
     <span class='ocr_line' id='line_1_1' title="bbox 410 296 1332 340; baseline 0.002 -2"><span class='ocrx_word' id='word_1_1' title='bbox 410 296 497 338; x_wconf 79' lang='grc'>212</span> <span class='ocrx_word' id='word_1_2' title='bbox 855 303 898 338; x_wconf 90' lang='grc' dir='ltr'>Ρ.</span> <span class='ocrx_word' id='word_1_3' title='bbox 926 303 1091 340; x_wconf 93' lang='lat' dir='ltr'>OVIDII</span> <span class='ocrx_word' id='word_1_4' title='bbox 1114 302 1332 340; x_wconf 88' lang='lat' dir='ltr'>NASONIS</span> 
     </span>
    </p>
   </div>
   <div class='ocr_carea' id='block_1_2' title="bbox 318 383 1781 2857">
    <p class='ocr_par' dir='ltr' id='par_1_2' title="bbox 318 383 1510 439">
     <span class='ocr_line' id='line_1_2' title="bbox 318 383 1510 439; baseline -0.004 -8"><span class='ocrx_word' id='word_1_5' title='bbox 318 400 388 431; x_wconf 77' lang='lat'>570</span> <span class='ocrx_word' id='word_1_6' title='bbox 413 400 491 428; x_wconf 89' lang='lat' dir='ltr'>nec</span> <span class='ocrx_word' id='word_1_7' title='bbox 515 393 657 428; x_wconf 88' lang='lat' dir='ltr'>tamen</span> <span class='ocrx_word' id='word_1_8' title='bbox 681 384 875 434; x_wconf 86' lang='lat' dir='ltr'>ulterius,</span> <span class='ocrx_word' id='word_1_9' title='bbox 900 398 1028 439; x_wconf 87' lang='lat' dir='ltr'>quam</span> <span class='ocrx_word' id='word_1_10' title='bbox 1051 383 1178 427; x_wconf 85' lang='lat' dir='ltr'>fortia</span> <span class='ocrx_word' id='word_1_11' title='bbox 1200 383 1314 426; x_wconf 82' lang='lat' dir='ltr'>facta</span> <span class='ocrx_word' id='word_1_12' title='bbox 1338 384 1510 435; x_wconf 91' lang='lat' dir='ltr'>silendo,</span> 
     </span>
    </p>

    <p class='ocr_par' dir='ltr' id='par_1_3' title="bbox 412 440 1505 553">
     <span class='ocr_line' id='line_1_3' title="bbox 412 440 1505 497; baseline -0.001 -13"><span class='ocrx_word' id='word_1_13' title='bbox 412 441 592 484; x_wconf 89' lang='lat' dir='ltr'>ulciscor</span> <span class='ocrx_word' id='word_1_14' title='bbox 615 441 784 483; x_wconf 81' lang='lat' dir='ltr'>fratres:</span> <span class='ocrx_word' id='word_1_15' title='bbox 810 440 944 482; x_wconf 89' lang='lat' dir='ltr'>solida</span> <span class='ocrx_word' id='word_1_16' title='bbox 967 447 1031 483; x_wconf 88' lang='lat' dir='ltr'>est</span> <span class='ocrx_word' id='word_1_17' title='bbox 1054 440 1157 482; x_wconf 90' lang='lat' dir='ltr'>mihi</span> <span class='ocrx_word' id='word_1_18' title='bbox 1179 440 1316 497; x_wconf 86' lang='lat' dir='ltr'>gratia</span> <span class='ocrx_word' id='word_1_19' title='bbox 1340 441 1505 483; x_wconf 86' lang='lat' dir='ltr'>tecum.‘</span> 
     </span>
     <span class='ocr_line' id='line_1_4' title="bbox 470 495 1435 553; baseline -0.001 -13"><span class='ocrx_word' id='word_1_20' title='bbox 470 498 591 540; x_wconf 89' lang='lat' dir='ltr'>Haec</span> <span class='ocrx_word' id='word_1_21' title='bbox 615 505 837 553; x_wconf 83' lang='lat' dir='ltr'><strong>postquam</strong></span> <span class='ocrx_word' id='word_1_22' title='bbox 862 496 974 538; x_wconf 90' lang='lat' dir='ltr'>dulci</span> <span class='ocrx_word' id='word_1_23' title='bbox 997 495 1040 538; x_wconf 91' lang='lat' dir='ltr'>N</span> <span class='ocrx_word' id='word_1_24' title='bbox 1042 496 1171 538; x_wconf 78' lang='lat' dir='ltr'>ele&#39;ius</span> <span class='ocrx_word' id='word_1_25' title='bbox 1197 496 1327 539; x_wconf 86' lang='lat' dir='ltr'><strong>edidit</strong></span> <span class='ocrx_word' id='word_1_26' title='bbox 1351 510 1435 547; x_wconf 91' lang='lat' dir='ltr'>ore,</span> 
     </span>
    </p>

    <p class='ocr_par' dir='ltr' id='par_1_4' title="bbox 413 552 1373 608">
     <span class='ocr_line' id='line_1_5' title="bbox 413 552 1373 608; baseline -0.001 -12"><span class='ocrx_word' id='word_1_27' title='bbox 413 569 438 595; x_wconf 90' lang='lat' dir='ltr'>a</span> <span class='ocrx_word' id='word_1_28' title='bbox 462 567 654 596; x_wconf 79' lang='lat' dir='ltr'>sermone</span> <span class='ocrx_word' id='word_1_29' title='bbox 679 553 790 595; x_wconf 89' lang='lat' dir='ltr'>senis</span> <span class='ocrx_word' id='word_1_30' title='bbox 814 552 991 608; x_wconf 89' lang='lat' dir='ltr'>repetito</span> <span class='ocrx_word' id='word_1_31' title='bbox 1016 567 1188 595; x_wconf 89' lang='lat' dir='ltr'>munere</span> <span class='ocrx_word' id='word_1_32' title='bbox 1214 552 1373 595; x_wconf 86' lang='lat' dir='ltr'>Bacchi</span> 
     </span>
    </p>

    <p class='ocr_par' dir='ltr' id='par_1_5' title="bbox 412 608 1440 659">
     <span class='ocr_line' id='line_1_6' title="bbox 412 608 1440 659; baseline 0 -8"><span class='ocrx_word' id='word_1_33' title='bbox 412 624 629 652; x_wconf 79' lang='lat' dir='ltr'>surrexere</span> <span class='ocrx_word' id='word_1_34' title='bbox 653 609 754 651; x_wconf 89' lang='lat' dir='ltr'>toris</span> <span class='ocrx_word' id='word_1_35' title='bbox 762 625 773 659; x_wconf 84' lang='lat'><em>3</em></span> <span class='ocrx_word' id='word_1_36' title='bbox 799 623 883 650; x_wconf 88' lang='lat' dir='ltr'>nox</span> <span class='ocrx_word' id='word_1_37' title='bbox 908 616 972 651; x_wconf 88' lang='lat' dir='ltr'>est</span> <span class='ocrx_word' id='word_1_38' title='bbox 996 608 1095 650; x_wconf 87' lang='lat' dir='ltr'>data</span> <span class='ocrx_word' id='word_1_39' title='bbox 1118 617 1256 651; x_wconf 89' lang='lat' dir='ltr'>cetera</span> <span class='ocrx_word' id='word_1_40' title='bbox 1281 623 1440 655; x_wconf 85' lang='lat' dir='ltr'>somno.</span> 
     </span>
    </p>

    <p class='ocr_par' dir='ltr' id='par_1_6' title="bbox 320 664 1775 946">
     <span class='ocr_line' id='line_1_7' title="bbox 320 664 1775 721; baseline -0.001 -9"><span class='ocrx_word' id='word_1_41' title='bbox 320 681 387 712; x_wconf 82' lang='lat'>575</span> <span class='ocrx_word' id='word_1_42' title='bbox 468 666 531 707; x_wconf 93' lang='lat' dir='ltr'>At</span> <span class='ocrx_word' id='word_1_43' title='bbox 549 665 666 715; x_wconf 90' lang='lat' dir='ltr'>deus,</span> <span class='ocrx_word' id='word_1_44' title='bbox 681 679 911 720; x_wconf 87' lang='lat' dir='ltr'>aequoreas</span> <span class='ocrx_word' id='word_1_45' title='bbox 929 665 1001 719; x_wconf 89' lang='lat' dir='ltr'>qui</span> <span class='ocrx_word' id='word_1_46' title='bbox 1021 665 1193 720; x_wconf 82' lang='lat' dir='ltr'>cuspide</span> <span class='ocrx_word' id='word_1_47' title='bbox 1211 671 1415 721; x_wconf 83' lang='lat' dir='ltr'>temperat</span> <span class='ocrx_word' id='word_1_48' title='bbox 1434 664 1583 714; x_wconf 83' lang='lat' dir='ltr'>undas,</span> <span class='ocrx_word' id='word_1_49' title='bbox 1613 675 1775 712; x_wconf 74' lang='lat' dir='ltr'>Achilles.</span> 
     </span>
     <span class='ocr_line' id='line_1_8' title="bbox 411 721 1510 777; baseline 0 -13"><span class='ocrx_word' id='word_1_50' title='bbox 411 722 456 764; x_wconf 89' lang='lat' dir='ltr'>in</span> <span class='ocrx_word' id='word_1_51' title='bbox 481 721 694 764; x_wconf 89' lang='lat' dir='ltr'>volucrem</span> <span class='ocrx_word' id='word_1_52' title='bbox 719 736 870 777; x_wconf 87' lang='lat' dir='ltr'>corpus</span> <span class='ocrx_word' id='word_1_53' title='bbox 895 721 981 763; x_wconf 88' lang='lat' dir='ltr'>nati</span> <span class='ocrx_word' id='word_1_54' title='bbox 1005 721 1317 764; x_wconf 69' lang='lat' dir='ltr'>Phaethontida</span> <span class='ocrx_word' id='word_1_55' title='bbox 1340 735 1510 764; x_wconf 86' lang='lat' dir='ltr'>versum</span> 
     </span>
     <span class='ocr_line' id='line_1_9' title="bbox 411 772 1588 843; baseline 0.001 -23"><span class='ocrx_word' id='word_1_56' title='bbox 411 786 553 820; x_wconf 89' lang='lat' dir='ltr'>mente</span> <span class='ocrx_word' id='word_1_57' title='bbox 577 777 690 821; x_wconf 90' lang='lat' dir='ltr'>dolet</span> <span class='ocrx_word' id='word_1_58' title='bbox 714 777 870 833; x_wconf 87' lang='lat' dir='ltr'>patria,</span> <span class='ocrx_word' id='word_1_59' title='bbox 895 791 1153 832; x_wconf 87' lang='lat' dir='ltr'>saevumque</span> <span class='ocrx_word' id='word_1_60' title='bbox 1174 791 1351 843; x_wconf 83' lang='lat' dir='ltr'>perosus</span> <span class='ocrx_word' id='word_1_61' title='bbox 1374 772 1588 821; x_wconf 80' lang='lat' dir='ltr'>Achillem</span> 
     </span>
     <span class='ocr_line' id='line_1_10' title="bbox 414 833 1400 890; baseline -0.001 -14"><span class='ocrx_word' id='word_1_62' title='bbox 414 842 580 877; x_wconf 81' lang='lat' dir='ltr'>exercet</span> <span class='ocrx_word' id='word_1_63' title='bbox 604 848 809 876; x_wconf 84' lang='lat' dir='ltr'>memores</span> <span class='ocrx_word' id='word_1_64' title='bbox 833 834 928 890; x_wconf 92' lang='lat' dir='ltr'>plus</span> <span class='ocrx_word' id='word_1_65' title='bbox 953 848 1079 889; x_wconf 87' lang='lat' dir='ltr'>quam</span> <span class='ocrx_word' id='word_1_66' title='bbox 1106 833 1282 876; x_wconf 79' lang='lat' dir='ltr'>civiliter</span> <span class='ocrx_word' id='word_1_67' title='bbox 1304 833 1400 876; x_wconf 88' lang='lat' dir='ltr'>iras.</span> 
     </span>
     <span class='ocr_line' id='line_1_11' title="bbox 413 889 1515 946; baseline 0 -14"><span class='ocrx_word' id='word_1_68' title='bbox 413 891 581 946; x_wconf 87' lang='lat' dir='ltr'>iamque</span> <span class='ocrx_word' id='word_1_69' title='bbox 605 890 694 933; x_wconf 89' lang='lat' dir='ltr'>fere</span> <span class='ocrx_word' id='word_1_70' title='bbox 718 897 850 933; x_wconf 87' lang='lat' dir='ltr'>tracto</span> <span class='ocrx_word' id='word_1_71' title='bbox 875 890 958 932; x_wconf 93' lang='lat' dir='ltr'>duo</span> <span class='ocrx_word' id='word_1_72' title='bbox 983 905 1059 946; x_wconf 91' lang='lat' dir='ltr'>per</span> <span class='ocrx_word' id='word_1_73' title='bbox 1083 890 1368 945; x_wconf 85' lang='lat' dir='ltr'>quinquennia</span> <span class='ocrx_word' id='word_1_74' title='bbox 1391 889 1515 940; x_wconf 90' lang='lat' dir='ltr'>bello,</span> 
     </span>
    </p>

    <p class='ocr_par' dir='ltr' id='par_1_7' title="bbox 322 945 1505 1227">
     <span class='ocr_line' id='line_1_12' title="bbox 322 945 1464 1003; baseline -0.001 -14"><span class='ocrx_word' id='word_1_75' title='bbox 322 961 390 993; x_wconf 84' lang='lat'>580</span> <span class='ocrx_word' id='word_1_76' title='bbox 414 947 568 989; x_wconf 88' lang='lat' dir='ltr'>talibus</span> <span class='ocrx_word' id='word_1_77' title='bbox 592 947 806 989; x_wconf 91' lang='lat' dir='ltr'>intonsum</span> <span class='ocrx_word' id='word_1_78' title='bbox 831 947 1051 1003; x_wconf 86' lang='lat' dir='ltr'>compellat</span> <span class='ocrx_word' id='word_1_79' title='bbox 1078 945 1300 989; x_wconf 86' lang='lat' dir='ltr'>Sminthea</span> <span class='ocrx_word' id='word_1_80' title='bbox 1323 946 1464 988; x_wconf 69' lang='lat' dir='ltr'>dictisz</span> 
     </span>
     <span class='ocr_line' id='line_1_13' title="bbox 413 1002 1380 1068; baseline -0.001 -23"><span class='ocrx_word' id='word_1_81' title='bbox 413 1007 459 1045; x_wconf 90' lang='lat' dir='ltr'>‘o</span> <span class='ocrx_word' id='word_1_82' title='bbox 483 1003 585 1045; x_wconf 86' lang='lat' dir='ltr'>mihi</span> <span class='ocrx_word' id='word_1_83' title='bbox 610 1003 662 1046; x_wconf 90' lang='lat' dir='ltr'>de</span> <span class='ocrx_word' id='word_1_84' title='bbox 685 1003 825 1045; x_wconf 87' lang='lat' dir='ltr'>fratris</span> <span class='ocrx_word' id='word_1_85' title='bbox 848 1003 974 1059; x_wconf 86' lang='lat' dir='ltr'>longe</span> <span class='ocrx_word' id='word_1_86' title='bbox 998 1003 1234 1068; x_wconf 82' lang='lat' dir='ltr'>gratissime</span> <span class='ocrx_word' id='word_1_87' title='bbox 1258 1002 1380 1051; x_wconf 89' lang='lat' dir='ltr'>natis,</span> 
     </span>
     <span class='ocr_line' id='line_1_14' title="bbox 413 1059 1396 1115; baseline 0 -14"><span class='ocrx_word' id='word_1_88' title='bbox 413 1059 530 1101; x_wconf 90' lang='lat' dir='ltr'>irrita</span> <span class='ocrx_word' id='word_1_89' title='bbox 554 1059 626 1114; x_wconf 93' lang='lat' dir='ltr'>qui</span> <span class='ocrx_word' id='word_1_90' title='bbox 649 1074 815 1102; x_wconf 91' lang='lat' dir='ltr'>mecum</span> <span class='ocrx_word' id='word_1_91' title='bbox 839 1059 1015 1115; x_wconf 91' lang='lat' dir='ltr'>posuist1</span> <span class='ocrx_word' id='word_1_92' title='bbox 1039 1059 1206 1102; x_wconf 90' lang='lat' dir='ltr'>moenia</span> <span class='ocrx_word' id='word_1_93' title='bbox 1229 1059 1396 1109; x_wconf 84' lang='lat' dir='ltr'>Troiae,</span> 
     </span>
     <span class='ocr_line' id='line_1_15' title="bbox 414 1115 1505 1171; baseline 0 -13"><span class='ocrx_word' id='word_1_94' title='bbox 414 1116 586 1170; x_wconf 85' lang='lat' dir='ltr'>ecquid,</span> <span class='ocrx_word' id='word_1_95' title='bbox 611 1116 685 1158; x_wconf 89' lang='lat' dir='ltr'>ubi</span> <span class='ocrx_word' id='word_1_96' title='bbox 709 1116 785 1158; x_wconf 90' lang='lat' dir='ltr'>has</span> <span class='ocrx_word' id='word_1_97' title='bbox 808 1115 978 1157; x_wconf 88' lang='lat' dir='ltr'>iamiam</span> <span class='ocrx_word' id='word_1_98' title='bbox 1003 1131 1172 1158; x_wconf 89' lang='lat' dir='ltr'>casuras</span> <span class='ocrx_word' id='word_1_99' title='bbox 1198 1115 1350 1171; x_wconf 86' lang='lat' dir='ltr'>aspicis</span> <span class='ocrx_word' id='word_1_100' title='bbox 1375 1130 1505 1166; x_wconf 84' lang='lat' dir='ltr'>arces,</span> 
     </span>
     <span class='ocr_line' id='line_1_16' title="bbox 413 1171 1432 1227; baseline 0 -14"><span class='ocrx_word' id='word_1_101' title='bbox 413 1172 618 1227; x_wconf 86' lang='lat' dir='ltr'>ingemis?</span> <span class='ocrx_word' id='word_1_102' title='bbox 642 1179 714 1214; x_wconf 90' lang='lat' dir='ltr'>aut</span> <span class='ocrx_word' id='word_1_103' title='bbox 739 1171 890 1226; x_wconf 88' lang='lat' dir='ltr'>ecquid</span> <span class='ocrx_word' id='word_1_104' title='bbox 913 1179 974 1214; x_wconf 91' lang='lat' dir='ltr'>tot</span> <span class='ocrx_word' id='word_1_105' title='bbox 998 1171 1267 1214; x_wconf 85' lang='lat' dir='ltr'>defendentia</span> <span class='ocrx_word' id='word_1_106' title='bbox 1290 1186 1432 1214; x_wconf 89' lang='lat' dir='ltr'>muros</span> 
     </span>
    </p>

    <p class='ocr_par' dir='ltr' id='par_1_8' title="bbox 323 1228 1634 1509">
     <span class='ocr_line' id='line_1_17' title="bbox 323 1228 1634 1284; baseline 0.001 -15"><span class='ocrx_word' id='word_1_107' title='bbox 323 1242 389 1274; x_wconf 82' lang='lat'>585</span> <span class='ocrx_word' id='word_1_108' title='bbox 415 1228 530 1269; x_wconf 86' lang='lat' dir='ltr'>milia</span> <span class='ocrx_word' id='word_1_109' title='bbox 554 1242 677 1270; x_wconf 88' lang='lat' dir='ltr'>caesa</span> <span class='ocrx_word' id='word_1_110' title='bbox 701 1228 843 1271; x_wconf 87' lang='lat' dir='ltr'>doles?</span> <span class='ocrx_word' id='word_1_111' title='bbox 868 1228 1038 1283; x_wconf 89' lang='lat' dir='ltr'>ecquid,</span> <span class='ocrx_word' id='word_1_112' title='bbox 1063 1243 1116 1271; x_wconf 90' lang='lat' dir='ltr'>ne</span> <span class='ocrx_word' id='word_1_113' title='bbox 1139 1242 1370 1284; x_wconf 89' lang='lat' dir='ltr'>persequar</span> <span class='ocrx_word' id='word_1_114' title='bbox 1393 1242 1551 1279; x_wconf 89' lang='lat' dir='ltr'>omnes,</span> <span class='ocrx_word' id='word_1_115' title='bbox 1631 1278 1634 1279; x_wconf 15' lang='lat'><em>⁷</em></span> 
     </span>
     <span class='ocr_line' id='line_1_18' title="bbox 416 1283 1615 1340; baseline 0 -14"><span class='ocrx_word' id='word_1_116' title='bbox 416 1284 614 1326; x_wconf 86' lang='lat' dir='ltr'>Hectoris</span> <span class='ocrx_word' id='word_1_117' title='bbox 639 1284 791 1326; x_wconf 87' lang='lat' dir='ltr'>umbra</span> <span class='ocrx_word' id='word_1_118' title='bbox 814 1284 927 1326; x_wconf 87' lang='lat' dir='ltr'>subit</span> <span class='ocrx_word' id='word_1_119' title='bbox 951 1284 1109 1327; x_wconf 83' lang='lat' dir='ltr'>circum</span> <span class='ocrx_word' id='word_1_120' title='bbox 1133 1299 1210 1326; x_wconf 91' lang='lat' dir='ltr'>sua</span> <span class='ocrx_word' id='word_1_121' title='bbox 1233 1284 1446 1340; x_wconf 87' lang='lat' dir='ltr'>Pergama</span> <span class='ocrx_word' id='word_1_122' title='bbox 1469 1283 1615 1328; x_wconf 82' lang='lat' dir='ltr'>tracti?</span> 
     </span>
     <span class='ocr_line' id='line_1_19' title="bbox 415 1339 1480 1406; baseline 0 -24"><span class='ocrx_word' id='word_1_123' title='bbox 415 1355 511 1382; x_wconf 88' lang='lat' dir='ltr'>cum</span> <span class='ocrx_word' id='word_1_124' title='bbox 536 1348 677 1382; x_wconf 86' lang='lat' dir='ltr'>tamen</span> <span class='ocrx_word' id='word_1_125' title='bbox 701 1340 770 1383; x_wconf 90' lang='lat' dir='ltr'>ille</span> <span class='ocrx_word' id='word_1_126' title='bbox 793 1339 913 1382; x_wconf 86' lang='lat' dir='ltr'>ferox</span> <span class='ocrx_word' id='word_1_127' title='bbox 938 1340 1130 1395; x_wconf 90' lang='lat' dir='ltr'>belloque</span> <span class='ocrx_word' id='word_1_128' title='bbox 1155 1341 1365 1383; x_wconf 89' lang='lat' dir='ltr'>cruentior</span> <span class='ocrx_word' id='word_1_129' title='bbox 1388 1341 1480 1406; x_wconf 85' lang='lat' dir='ltr'>ipso</span> 
     </span>
     <span class='ocr_line' id='line_1_20' title="bbox 415 1395 1504 1462; baseline 0.001 -24"><span class='ocrx_word' id='word_1_130' title='bbox 415 1396 519 1438; x_wconf 87' lang='lat' dir='ltr'>vivit</span> <span class='ocrx_word' id='word_1_131' title='bbox 543 1396 699 1446; x_wconf 90' lang='lat' dir='ltr'>adhuc,</span> <span class='ocrx_word' id='word_1_132' title='bbox 724 1397 861 1452; x_wconf 89' lang='lat' dir='ltr'>operis</span> <span class='ocrx_word' id='word_1_133' title='bbox 885 1397 1016 1438; x_wconf 90' lang='lat' dir='ltr'>nostri</span> <span class='ocrx_word' id='word_1_134' title='bbox 1040 1398 1276 1462; x_wconf 78' lang='lat' dir='ltr'>populator,</span> <span class='ocrx_word' id='word_1_135' title='bbox 1300 1395 1504 1442; x_wconf 81' lang='lat' dir='ltr'>Ach111es.</span> 
     </span>
     <span class='ocr_line' id='line_1_21' title="bbox 416 1452 1534 1509; baseline 0.001 -15"><span class='ocrx_word' id='word_1_136' title='bbox 416 1453 486 1495; x_wconf 91' lang='lat' dir='ltr'>det</span> <span class='ocrx_word' id='word_1_137' title='bbox 509 1452 611 1494; x_wconf 90' lang='lat' dir='ltr'>mihi</span> <span class='ocrx_word' id='word_1_138' title='bbox 636 1468 699 1495; x_wconf 90' lang='lat' dir='ltr'>se:</span> <span class='ocrx_word' id='word_1_139' title='bbox 724 1452 838 1502; x_wconf 90' lang='lat' dir='ltr'>faxo,</span> <span class='ocrx_word' id='word_1_140' title='bbox 863 1453 1015 1508; x_wconf 90' lang='lat' dir='ltr'>triplici</span> <span class='ocrx_word' id='word_1_141' title='bbox 1039 1452 1143 1507; x_wconf 76' lang='lat' dir='ltr'>quid</span> <span class='ocrx_word' id='word_1_142' title='bbox 1166 1452 1339 1508; x_wconf 90' lang='lat' dir='ltr'>cuspide</span> <span class='ocrx_word' id='word_1_143' title='bbox 1362 1452 1534 1509; x_wconf 89' lang='lat' dir='ltr'>possim,</span> 
     </span>
    </p>

    <p class='ocr_par' dir='ltr' id='par_1_9' title="bbox 324 1508 1568 1790">
     <span class='ocr_line' id='line_1_22' title="bbox 324 1508 1568 1564; baseline -0.002 -10"><span class='ocrx_word' id='word_1_144' title='bbox 324 1522 392 1554; x_wconf 87' lang='lat'>590</span> <span class='ocrx_word' id='word_1_145' title='bbox 417 1509 580 1551; x_wconf 85' lang='lat' dir='ltr'>sentiat.</span> <span class='ocrx_word' id='word_1_146' title='bbox 639 1517 683 1551; x_wconf 88' lang='lat' dir='ltr'>at</span> <span class='ocrx_word' id='word_1_147' title='bbox 707 1509 904 1564; x_wconf 87' lang='lat' dir='ltr'>quoniam</span> <span class='ocrx_word' id='word_1_148' title='bbox 929 1523 1177 1552; x_wconf 88' lang='lat' dir='ltr'>concurrere</span> <span class='ocrx_word' id='word_1_149' title='bbox 1201 1509 1434 1551; x_wconf 87' lang='lat' dir='ltr'>comminus</span> <span class='ocrx_word' id='word_1_150' title='bbox 1458 1508 1568 1552; x_wconf 87' lang='lat' dir='ltr'>hosti</span> 
     </span>
     <span class='ocr_line' id='line_1_23' title="bbox 415 1564 1493 1622; baseline 0 -15"><span class='ocrx_word' id='word_1_151' title='bbox 415 1580 501 1607; x_wconf 90' lang='lat' dir='ltr'>non</span> <span class='ocrx_word' id='word_1_152' title='bbox 525 1565 661 1615; x_wconf 86' lang='lat' dir='ltr'>datur,</span> <span class='ocrx_word' id='word_1_153' title='bbox 686 1566 851 1608; x_wconf 86' lang='lat' dir='ltr'>occulta</span> <span class='ocrx_word' id='word_1_154' title='bbox 873 1565 1126 1621; x_wconf 87' lang='lat' dir='ltr'>necopinum</span> <span class='ocrx_word' id='word_1_155' title='bbox 1150 1566 1278 1622; x_wconf 90' lang='lat' dir='ltr'>perde</span> <span class='ocrx_word' id='word_1_156' title='bbox 1303 1564 1493 1622; x_wconf 78' lang='lat' dir='ltr'>sagittal’</span> 
     </span>
     <span class='ocr_line' id='line_1_24' title="bbox 416 1622 1496 1678; baseline 0.001 -15"><span class='ocrx_word' id='word_1_157' title='bbox 416 1622 562 1663; x_wconf 86' lang='lat' dir='ltr'>adnuit</span> <span class='ocrx_word' id='word_1_158' title='bbox 586 1629 712 1676; x_wconf 88' lang='lat' dir='ltr'>atque</span> <span class='ocrx_word' id='word_1_159' title='bbox 736 1622 875 1664; x_wconf 88' lang='lat' dir='ltr'>animo</span> <span class='ocrx_word' id='word_1_160' title='bbox 899 1622 1054 1677; x_wconf 89' lang='lat' dir='ltr'>pariter</span> <span class='ocrx_word' id='word_1_161' title='bbox 1077 1629 1310 1678; x_wconf 87' lang='lat' dir='ltr'>patruoque</span> <span class='ocrx_word' id='word_1_162' title='bbox 1335 1635 1496 1678; x_wconf 88' lang='lat' dir='ltr'>suoque</span> 
     </span>
     <span class='ocr_line' id='line_1_25' title="bbox 415 1677 1426 1734; baseline 0.001 -15"><span class='ocrx_word' id='word_1_163' title='bbox 415 1677 567 1720; x_wconf 91' lang='lat' dir='ltr'>Delius</span> <span class='ocrx_word' id='word_1_164' title='bbox 592 1678 815 1734; x_wconf 85' lang='lat' dir='ltr'>indulgens</span> <span class='ocrx_word' id='word_1_165' title='bbox 839 1678 995 1720; x_wconf 90' lang='lat' dir='ltr'>nebula</span> <span class='ocrx_word' id='word_1_166' title='bbox 1018 1678 1181 1720; x_wconf 90' lang='lat' dir='ltr'>velatus</span> <span class='ocrx_word' id='word_1_167' title='bbox 1204 1678 1248 1719; x_wconf 93' lang='lat' dir='ltr'>in</span> <span class='ocrx_word' id='word_1_168' title='bbox 1273 1693 1426 1734; x_wconf 85' lang='lat' dir='ltr'>agmen</span> 
     </span>
     <span class='ocr_line' id='line_1_26' title="bbox 415 1734 1501 1790; baseline 0 -14"><span class='ocrx_word' id='word_1_169' title='bbox 415 1734 604 1790; x_wconf 90' lang='lat' dir='ltr'>pervenit</span> <span class='ocrx_word' id='word_1_170' title='bbox 627 1734 825 1784; x_wconf 87' lang='lat' dir='ltr'>Iliacum,</span> <span class='ocrx_word' id='word_1_171' title='bbox 849 1734 1072 1788; x_wconf 88' lang='lat' dir='ltr'>mediaque</span> <span class='ocrx_word' id='word_1_172' title='bbox 1097 1734 1140 1776; x_wconf 90' lang='lat' dir='ltr'>in</span> <span class='ocrx_word' id='word_1_173' title='bbox 1164 1734 1292 1777; x_wconf 89' lang='lat' dir='ltr'>caede</span> <span class='ocrx_word' id='word_1_174' title='bbox 1316 1734 1501 1777; x_wconf 87' lang='lat' dir='ltr'>virorum</span> 
     </span>
    </p>

    <p class='ocr_par' dir='ltr' id='par_1_10' title="bbox 326 1790 1659 2064">
     <span class='ocr_line' id='line_1_27' title="bbox 326 1790 1459 1846; baseline -0.003 -11"><span class='ocrx_word' id='word_1_175' title='bbox 326 1805 391 1836; x_wconf 84' lang='lat'>595</span> <span class='ocrx_word' id='word_1_176' title='bbox 416 1805 511 1832; x_wconf 88' lang='lat' dir='ltr'>rara</span> <span class='ocrx_word' id='word_1_177' title='bbox 534 1805 609 1846; x_wconf 92' lang='lat' dir='ltr'>per</span> <span class='ocrx_word' id='word_1_178' title='bbox 633 1790 797 1846; x_wconf 88' lang='lat' dir='ltr'>ignotos</span> <span class='ocrx_word' id='word_1_179' title='bbox 823 1798 1091 1846; x_wconf 86' lang='lat' dir='ltr'>spargentem</span> <span class='ocrx_word' id='word_1_180' title='bbox 1115 1791 1245 1833; x_wconf 88' lang='lat' dir='ltr'>cernit</span> <span class='ocrx_word' id='word_1_181' title='bbox 1269 1790 1459 1832; x_wconf 90' lang='lat' dir='ltr'>Achivos</span> 
     </span>
     <span class='ocr_line' id='line_1_28' title="bbox 415 1846 1580 1902; baseline 0 -14"><span class='ocrx_word' id='word_1_182' title='bbox 415 1847 499 1888; x_wconf 90' lang='lat' dir='ltr'>tela</span> <span class='ocrx_word' id='word_1_183' title='bbox 522 1846 687 1896; x_wconf 81' lang='lat' dir='ltr'>Parim3</span> <span class='ocrx_word' id='word_1_184' title='bbox 712 1846 934 1901; x_wconf 88' lang='lat' dir='ltr'>fassusque</span> <span class='ocrx_word' id='word_1_185' title='bbox 959 1846 1085 1889; x_wconf 90' lang='lat' dir='ltr'>deum</span> <span class='ocrx_word' id='word_1_186' title='bbox 1110 1847 1231 1902; x_wconf 89' lang='lat' dir='ltr'>‘quid</span> <span class='ocrx_word' id='word_1_187' title='bbox 1256 1847 1417 1902; x_wconf 84' lang='lat' dir='ltr'>spicula</span> <span class='ocrx_word' id='word_1_188' title='bbox 1439 1846 1580 1902; x_wconf 87' lang='lat' dir='ltr'>perdis</span> 
     </span>
     <span class='ocr_line' id='line_1_29' title="bbox 417 1902 1659 1958; baseline 0.001 -14"><span class='ocrx_word' id='word_1_189' title='bbox 417 1903 622 1958; x_wconf 84' lang='lat' dir='ltr'>sanguine</span> <span class='ocrx_word' id='word_1_190' title='bbox 647 1902 822 1958; x_wconf 86' lang='lat' dir='ltr'>plebis?&#39;</span> <span class='ocrx_word' id='word_1_191' title='bbox 848 1902 919 1944; x_wconf 85' lang='lat' dir='ltr'>ait.</span> <span class='ocrx_word' id='word_1_192' title='bbox 979 1903 1033 1944; x_wconf 94' lang='lat' dir='ltr'>‘si</span> <span class='ocrx_word' id='word_1_193' title='bbox 1057 1916 1142 1957; x_wconf 90' lang='lat' dir='ltr'>qua</span> <span class='ocrx_word' id='word_1_194' title='bbox 1165 1910 1230 1945; x_wconf 89' lang='lat' dir='ltr'>est</span> <span class='ocrx_word' id='word_1_195' title='bbox 1253 1902 1329 1944; x_wconf 89' lang='lat' dir='ltr'>tibi</span> <span class='ocrx_word' id='word_1_196' title='bbox 1354 1917 1454 1944; x_wconf 88' lang='lat' dir='ltr'>cura</span> <span class='ocrx_word' id='word_1_197' title='bbox 1476 1909 1659 1953; x_wconf 90' lang='lat' dir='ltr'>tuorum,</span> 
     </span>
     <span class='ocr_line' id='line_1_30' title="bbox 416 1957 1574 2013; baseline 0.001 -13"><span class='ocrx_word' id='word_1_198' title='bbox 416 1966 577 2001; x_wconf 90' lang='lat' dir='ltr'>vertere</span> <span class='ocrx_word' id='word_1_199' title='bbox 602 1959 646 2000; x_wconf 89' lang='lat' dir='ltr'>in</span> <span class='ocrx_word' id='word_1_200' title='bbox 669 1958 886 2001; x_wconf 88' lang='lat' dir='ltr'>Aeaciden</span> <span class='ocrx_word' id='word_1_201' title='bbox 911 1973 1137 2013; x_wconf 87' lang='lat' dir='ltr'>caesosque</span> <span class='ocrx_word' id='word_1_202' title='bbox 1161 1958 1362 2001; x_wconf 88' lang='lat' dir='ltr'>ulciscere</span> <span class='ocrx_word' id='word_1_203' title='bbox 1386 1957 1574 2001; x_wconf 83' lang='lat' dir='ltr'>fratresl’</span> 
     </span>
     <span class='ocr_line' id='line_1_31' title="bbox 417 2014 1443 2064; baseline 0.001 -9"><span class='ocrx_word' id='word_1_204' title='bbox 417 2014 522 2056; x_wconf 89' lang='lat' dir='ltr'>dixit</span> <span class='ocrx_word' id='word_1_205' title='bbox 546 2022 605 2064; x_wconf 88' lang='lat' dir='ltr'>et,</span> <span class='ocrx_word' id='word_1_206' title='bbox 631 2015 854 2057; x_wconf 90' lang='lat' dir='ltr'>ostendens</span> <span class='ocrx_word' id='word_1_207' title='bbox 878 2022 1132 2058; x_wconf 90' lang='lat' dir='ltr'>sternentem</span> <span class='ocrx_word' id='word_1_208' title='bbox 1156 2015 1309 2057; x_wconf 88' lang='lat' dir='ltr'>Troica</span> <span class='ocrx_word' id='word_1_209' title='bbox 1331 2014 1443 2057; x_wconf 86' lang='lat' dir='ltr'>ferro</span> 
     </span>
    </p>

    <p class='ocr_par' dir='ltr' id='par_1_11' title="bbox 327 2070 1619 2352">
     <span class='ocr_line' id='line_1_32' title="bbox 327 2070 1392 2126; baseline -0.003 -11"><span class='ocrx_word' id='word_1_210' title='bbox 327 2085 394 2116; x_wconf 83' lang='lat'>600</span> <span class='ocrx_word' id='word_1_211' title='bbox 420 2085 597 2126; x_wconf 86' lang='lat' dir='ltr'>corpora</span> <span class='ocrx_word' id='word_1_212' title='bbox 619 2070 797 2113; x_wconf 92' lang='lat' dir='ltr'>Peliden</span> <span class='ocrx_word' id='word_1_213' title='bbox 806 2102 818 2121; x_wconf 90' lang='lat'>,</span> <span class='ocrx_word' id='word_1_214' title='bbox 844 2085 965 2113; x_wconf 84' lang='lat' dir='ltr'>arcus</span> <span class='ocrx_word' id='word_1_215' title='bbox 990 2070 1170 2113; x_wconf 87' lang='lat' dir='ltr'>obvertit</span> <span class='ocrx_word' id='word_1_216' title='bbox 1194 2071 1236 2112; x_wconf 91' lang='lat' dir='ltr'>in</span> <span class='ocrx_word' id='word_1_217' title='bbox 1260 2071 1392 2120; x_wconf 89' lang='lat' dir='ltr'>illum,</span> 
     </span>
     <span class='ocr_line' id='line_1_33' title="bbox 418 2127 1347 2182; baseline -0.001 -13"><span class='ocrx_word' id='word_1_218' title='bbox 418 2135 615 2181; x_wconf 84' lang='lat' dir='ltr'>certa-que</span> <span class='ocrx_word' id='word_1_219' title='bbox 639 2127 803 2169; x_wconf 86' lang='lat' dir='ltr'>letifera</span> <span class='ocrx_word' id='word_1_220' title='bbox 827 2127 979 2169; x_wconf 86' lang='lat' dir='ltr'>direxit</span> <span class='ocrx_word' id='word_1_221' title='bbox 1003 2127 1163 2182; x_wconf 90' lang='lat' dir='ltr'>spicula</span> <span class='ocrx_word' id='word_1_222' title='bbox 1186 2127 1347 2169; x_wconf 85' lang='lat' dir='ltr'>dextra.</span> 
     </span>
     <span class='ocr_line' id='line_1_34' title="bbox 417 2183 1619 2239; baseline 0.001 -15"><span class='ocrx_word' id='word_1_223' title='bbox 417 2183 532 2237; x_wconf 91' lang='lat' dir='ltr'>quod</span> <span class='ocrx_word' id='word_1_224' title='bbox 555 2183 751 2225; x_wconf 90' lang='lat' dir='ltr'>Priamus</span> <span class='ocrx_word' id='word_1_225' title='bbox 775 2184 961 2239; x_wconf 86' lang='lat' dir='ltr'>gaudere</span> <span class='ocrx_word' id='word_1_226' title='bbox 985 2198 1115 2225; x_wconf 86' lang='lat' dir='ltr'>senex</span> <span class='ocrx_word' id='word_1_227' title='bbox 1138 2190 1233 2239; x_wconf 91' lang='lat' dir='ltr'>post</span> <span class='ocrx_word' id='word_1_228' title='bbox 1256 2184 1443 2226; x_wconf 88' lang='lat' dir='ltr'>Hectora</span> <span class='ocrx_word' id='word_1_229' title='bbox 1466 2190 1619 2239; x_wconf 88' lang='lat' dir='ltr'>posset,</span> 
     </span>
     <span class='ocr_line' id='line_1_35' title="bbox 415 2239 1507 2295; baseline 0.002 -15"><span class='ocrx_word' id='word_1_230' title='bbox 415 2239 496 2281; x_wconf 94' lang='lat' dir='ltr'>hoc</span> <span class='ocrx_word' id='word_1_231' title='bbox 520 2239 612 2281; x_wconf 88' lang='lat' dir='ltr'>fuit.</span> <span class='ocrx_word' id='word_1_232' title='bbox 672 2239 740 2281; x_wconf 90' lang='lat' dir='ltr'>ille</span> <span class='ocrx_word' id='word_1_233' title='bbox 765 2240 895 2295; x_wconf 85' lang='lat' dir='ltr'>igitur</span> <span class='ocrx_word' id='word_1_234' title='bbox 918 2246 1131 2281; x_wconf 88' lang='lat' dir='ltr'>tantorum</span> <span class='ocrx_word' id='word_1_235' title='bbox 1154 2240 1299 2289; x_wconf 87' lang='lat' dir='ltr'>victor,</span> <span class='ocrx_word' id='word_1_236' title='bbox 1323 2239 1507 2290; x_wconf 90' lang='lat' dir='ltr'>Achille,</span> 
     </span>
     <span class='ocr_line' id='line_1_36' title="bbox 415 2294 1431 2352; baseline 0.003 -16"><span class='ocrx_word' id='word_1_237' title='bbox 415 2295 551 2337; x_wconf 87' lang='lat' dir='ltr'>victus</span> <span class='ocrx_word' id='word_1_238' title='bbox 576 2310 620 2337; x_wconf 89' lang='lat' dir='ltr'>es</span> <span class='ocrx_word' id='word_1_239' title='bbox 646 2311 671 2337; x_wconf 86' lang='lat' dir='ltr'>a</span> <span class='ocrx_word' id='word_1_240' title='bbox 694 2295 840 2337; x_wconf 89' lang='lat' dir='ltr'>timido</span> <span class='ocrx_word' id='word_1_241' title='bbox 866 2294 1024 2338; x_wconf 88' lang='lat' dir='ltr'>Graiae</span> <span class='ocrx_word' id='word_1_242' title='bbox 1048 2303 1215 2352; x_wconf 87' lang='lat' dir='ltr'>raptore</span> <span class='ocrx_word' id='word_1_243' title='bbox 1238 2295 1431 2339; x_wconf 83' lang='lat' dir='ltr'>maritae!</span> 
     </span>
    </p>

    <p class='ocr_par' dir='ltr' id='par_1_12' title="bbox 326 2351 1573 2632">
     <span class='ocr_line' id='line_1_37' title="bbox 326 2351 1421 2402; baseline -0.002 -6"><span class='ocrx_word' id='word_1_244' title='bbox 326 2364 390 2396; x_wconf 87' lang='lat'>605</span> <span class='ocrx_word' id='word_1_245' title='bbox 416 2359 459 2393; x_wconf 87' lang='lat' dir='ltr'>at</span> <span class='ocrx_word' id='word_1_246' title='bbox 483 2351 516 2393; x_wconf 88' lang='lat' dir='ltr'>si</span> <span class='ocrx_word' id='word_1_247' title='bbox 541 2351 722 2393; x_wconf 91' lang='lat' dir='ltr'>femineo</span> <span class='ocrx_word' id='word_1_248' title='bbox 747 2351 884 2394; x_wconf 87' lang='lat' dir='ltr'>fuerat</span> <span class='ocrx_word' id='word_1_249' title='bbox 906 2352 983 2394; x_wconf 89' lang='lat' dir='ltr'>tibi</span> <span class='ocrx_word' id='word_1_250' title='bbox 1006 2352 1148 2394; x_wconf 86' lang='lat' dir='ltr'>Marte</span> <span class='ocrx_word' id='word_1_251' title='bbox 1173 2352 1421 2402; x_wconf 86' lang='lat' dir='ltr'>cadendum,</span> 
     </span>
     <span class='ocr_line' id='line_1_38' title="bbox 417 2407 1402 2464; baseline 0.002 -15"><span class='ocrx_word' id='word_1_252' title='bbox 417 2407 801 2450; x_wconf 88' lang='lat' dir='ltr'>Thermodontiaca</span> <span class='ocrx_word' id='word_1_253' title='bbox 825 2408 970 2450; x_wconf 90' lang='lat' dir='ltr'>malles</span> <span class='ocrx_word' id='word_1_254' title='bbox 995 2408 1195 2451; x_wconf 90' lang='lat' dir='ltr'>cecidisse</span> <span class='ocrx_word' id='word_1_255' title='bbox 1219 2408 1402 2464; x_wconf 89' lang='lat' dir='ltr'>bipenni.</span> 
     </span>
     <span class='ocr_line' id='line_1_39' title="bbox 416 2463 1573 2521; baseline 0.001 -16"><span class='ocrx_word' id='word_1_256' title='bbox 416 2464 501 2505; x_wconf 86' lang='lat' dir='ltr'>iam</span> <span class='ocrx_word' id='word_1_257' title='bbox 525 2463 649 2506; x_wconf 90' lang='lat' dir='ltr'>timor</span> <span class='ocrx_word' id='word_1_258' title='bbox 672 2464 741 2506; x_wconf 91' lang='lat' dir='ltr'>ille</span> <span class='ocrx_word' id='word_1_259' title='bbox 765 2464 1006 2520; x_wconf 84' lang='lat' dir='ltr'>Phrygum,</span> <span class='ocrx_word' id='word_1_260' title='bbox 1031 2464 1159 2507; x_wconf 90' lang='lat' dir='ltr'>decus</span> <span class='ocrx_word' id='word_1_261' title='bbox 1183 2472 1225 2507; x_wconf 90' lang='lat' dir='ltr'>et</span> <span class='ocrx_word' id='word_1_262' title='bbox 1247 2465 1378 2508; x_wconf 87' lang='lat' dir='ltr'>tutela</span> <span class='ocrx_word' id='word_1_263' title='bbox 1400 2464 1573 2521; x_wconf 87' lang='lat' dir='ltr'>Pelasgi</span> 
     </span>
     <span class='ocr_line' id='line_1_40' title="bbox 416 2519 1473 2576; baseline 0.003 -15"><span class='ocrx_word' id='word_1_264' title='bbox 416 2519 617 2570; x_wconf 89' lang='lat' dir='ltr'>nominis,</span> <span class='ocrx_word' id='word_1_265' title='bbox 641 2520 869 2569; x_wconf 87' lang='lat' dir='ltr'>Aeacides,</span> <span class='ocrx_word' id='word_1_266' title='bbox 894 2527 1022 2576; x_wconf 87' lang='lat' dir='ltr'>caput</span> <span class='ocrx_word' id='word_1_267' title='bbox 1044 2520 1325 2576; x_wconf 85' lang='lat' dir='ltr'>insuperabile</span> <span class='ocrx_word' id='word_1_268' title='bbox 1350 2521 1473 2570; x_wconf 84' lang='lat' dir='ltr'>bello,</span> 
     </span>
     <span class='ocr_line' id='line_1_41' title="bbox 404 2575 1570 2632; baseline 0.001 -15"><span class='ocrx_word' id='word_1_269' title='bbox 404 2578 576 2618; x_wconf 72' lang='lat' dir='ltr'>arserat</span> <span class='ocrx_word' id='word_1_270' title='bbox 599 2575 800 2630; x_wconf 88' lang='lat' dir='ltr'>(armarat</span> <span class='ocrx_word' id='word_1_271' title='bbox 825 2577 928 2619; x_wconf 90' lang='lat' dir='ltr'>deus</span> <span class='ocrx_word' id='word_1_272' title='bbox 952 2577 1084 2627; x_wconf 90' lang='lat' dir='ltr'>idem,</span> <span class='ocrx_word' id='word_1_273' title='bbox 1108 2576 1303 2632; x_wconf 87' lang='lat' dir='ltr'>idemque</span> <span class='ocrx_word' id='word_1_274' title='bbox 1327 2577 1551 2632; x_wconf 85' lang='lat' dir='ltr'>cremarat)</span> <span class='ocrx_word' id='word_1_275' title='bbox 1558 2593 1570 2627; x_wconf 92' lang='lat'>;</span> 
     </span>
    </p>

    <p class='ocr_par' dir='ltr' id='par_1_13' title="bbox 327 2632 1781 2857">
     <span class='ocr_line' id='line_1_42' title="bbox 327 2632 1781 2689; baseline -0.002 -12"><span class='ocrx_word' id='word_1_276' title='bbox 327 2646 392 2677; x_wconf 88' lang='lat'>610</span> <span class='ocrx_word' id='word_1_277' title='bbox 416 2632 502 2674; x_wconf 85' lang='lat' dir='ltr'>iam</span> <span class='ocrx_word' id='word_1_278' title='bbox 526 2632 630 2674; x_wconf 91' lang='lat' dir='ltr'>cinis</span> <span class='ocrx_word' id='word_1_279' title='bbox 654 2640 735 2682; x_wconf 85' lang='lat' dir='ltr'>est3</span> <span class='ocrx_word' id='word_1_280' title='bbox 761 2640 801 2675; x_wconf 90' lang='lat' dir='ltr'>et</span> <span class='ocrx_word' id='word_1_281' title='bbox 826 2633 878 2675; x_wconf 86' lang='lat' dir='ltr'>de</span> <span class='ocrx_word' id='word_1_282' title='bbox 903 2641 988 2675; x_wconf 90' lang='lat' dir='ltr'>tam</span> <span class='ocrx_word' id='word_1_283' title='bbox 1013 2647 1169 2689; x_wconf 87' lang='lat' dir='ltr'>magno</span> <span class='ocrx_word' id='word_1_284' title='bbox 1193 2640 1321 2676; x_wconf 84' lang='lat' dir='ltr'>restat</span> <span class='ocrx_word' id='word_1_285' title='bbox 1344 2633 1512 2676; x_wconf 88' lang='lat' dir='ltr'>Achille</span> <span class='ocrx_word' id='word_1_286' title='bbox 1775 2664 1781 2674; x_wconf 84' lang='lat'>.</span> 
     </span>
     <span class='ocr_line' id='line_1_43' title="bbox 415 2688 1767 2745; baseline 0.002 -16"><span class='ocrx_word' id='word_1_287' title='bbox 415 2688 557 2730; x_wconf 90' lang='lat' dir='ltr'>nescio</span> <span class='ocrx_word' id='word_1_288' title='bbox 582 2689 702 2743; x_wconf 92' lang='lat' dir='ltr'>quid,</span> <span class='ocrx_word' id='word_1_289' title='bbox 727 2703 901 2744; x_wconf 88' lang='lat' dir='ltr'>parvam</span> <span class='ocrx_word' id='word_1_290' title='bbox 926 2689 1039 2744; x_wconf 89' lang='lat' dir='ltr'>quod</span> <span class='ocrx_word' id='word_1_291' title='bbox 1064 2704 1147 2731; x_wconf 90' lang='lat' dir='ltr'>non</span> <span class='ocrx_word' id='word_1_292' title='bbox 1172 2689 1279 2733; x_wconf 88' lang='lat' dir='ltr'>bene</span> <span class='ocrx_word' id='word_1_293' title='bbox 1304 2689 1511 2745; x_wconf 84' lang='lat' dir='ltr'>compleat</span> <span class='ocrx_word' id='word_1_294' title='bbox 1534 2703 1699 2732; x_wconf 83' lang='lat' dir='ltr'>urnam.</span> <span class='ocrx_word' id='word_1_295' title='bbox 1754 2704 1767 2731; x_wconf 77' lang='lat'>.·</span> 
     </span>
     <span class='ocr_line' id='line_1_44' title="bbox 418 2744 1469 2802; baseline 0.003 -17"><span class='ocrx_word' id='word_1_296' title='bbox 418 2752 461 2785; x_wconf 85' lang='lat' dir='ltr'>at</span> <span class='ocrx_word' id='word_1_297' title='bbox 484 2744 606 2793; x_wconf 89' lang='lat' dir='ltr'>vivit,</span> <span class='ocrx_word' id='word_1_298' title='bbox 631 2752 764 2786; x_wconf 88' lang='lat' dir='ltr'>totum</span> <span class='ocrx_word' id='word_1_299' title='bbox 791 2760 899 2800; x_wconf 89' lang='lat' dir='ltr'>quae</span> <span class='ocrx_word' id='word_1_300' title='bbox 923 2745 1056 2801; x_wconf 85' lang='lat' dir='ltr'>gloria</span> <span class='ocrx_word' id='word_1_301' title='bbox 1081 2747 1287 2802; x_wconf 87' lang='lat' dir='ltr'>compleat</span> <span class='ocrx_word' id='word_1_302' title='bbox 1311 2746 1469 2788; x_wconf 88' lang='lat' dir='ltr'>orbem.</span> 
     </span>
     <span class='ocr_line' id='line_1_45' title="bbox 418 2800 1462 2857; baseline 0.003 -16"><span class='ocrx_word' id='word_1_303' title='bbox 418 2800 521 2842; x_wconf 87' lang='lat' dir='ltr'>haec</span> <span class='ocrx_word' id='word_1_304' title='bbox 546 2800 605 2841; x_wconf 87' lang='lat' dir='ltr'>illi</span> <span class='ocrx_word' id='word_1_305' title='bbox 630 2815 826 2843; x_wconf 87' lang='lat' dir='ltr'>mensura</span> <span class='ocrx_word' id='word_1_306' title='bbox 849 2801 938 2843; x_wconf 85' lang='lat' dir='ltr'>viro</span> <span class='ocrx_word' id='word_1_307' title='bbox 963 2802 1205 2857; x_wconf 88' lang='lat' dir='ltr'>respondet,</span> <span class='ocrx_word' id='word_1_308' title='bbox 1231 2810 1270 2845; x_wconf 90' lang='lat' dir='ltr'>et</span> <span class='ocrx_word' id='word_1_309' title='bbox 1295 2801 1373 2852; x_wconf 86' lang='lat' dir='ltr'>hac</span> <span class='ocrx_word' id='word_1_310' title='bbox 1399 2810 1462 2846; x_wconf 89' lang='lat' dir='ltr'>est</span> 
     </span>
    </p>
   </div>
  </div>
 </body>
</html>
