1774 3256
418 277 500 320 100
859 282 903 317 Ρ.
929 279 1095 318 OVIDII
1118 277 1333 316 NASONIS

416 373 490 408 aut
512 364 705 407 frondem
728 362 969 419 positasque
994 368 1149 404 cremet
1172 359 1370 403 fenilibus
1393 358 1558 403 herbas.

417 422 547 478 digna
569 420 740 475 quidem
765 418 914 468 facies3
939 418 1013 460 sed
1038 425 1079 460 et
1103 417 1215 459 hunc
1238 416 1382 459 innata
1403 415 1534 459 libido

417 477 672 526 exstimulat,
697 489 960 532 pronumque
984 488 1118 530 genus
1143 472 1384 529 regionibus
1407 472 1490 515 illis
1530 505 1535 510 .

327 548 394 579 460
417 535 460 576 in
484 534 695 577 Venerem
720 539 801 575 est:
825 532 976 587 flagrat
999 530 1099 572 vitio
1124 529 1345 586 gentisque
1368 542 1542 584 suoque.

417 591 599 646 impetus
624 595 686 632 est
709 589 787 637 illi,
812 588 1012 630 comitum
1036 600 1302 642 corrumpere
1326 599 1471 628 curam

417 646 675 701 nutricisque
698 645 844 695 fidem,
868 658 947 687 nec
970 658 1055 686 non
1077 642 1318 699 ingentibus
1341 641 1476 698 ipsam

419 703 640 746 sollicitare
664 702 771 744 datis
796 708 1015 755 totumque
1038 699 1279 755 impendere
1302 713 1494 754 regnum,

420 766 492 802 aut
515 773 662 814 rapere
687 765 730 801 et
754 772 879 800 saevo
904 764 1068 813 raptam
1092 755 1317 798 defendere
1341 754 1471 798 bello:

328 830 394 862 465
419 823 462 860 et
483 815 587 858 nihil
611 822 692 866 est,
717 815 832 870 quod
853 828 938 856 non
962 813 1120 856 effreno
1144 819 1291 868 captus
1315 825 1457 854 amore
1498 823 1503 825 ·

421 873 548 923 ausit3
572 886 650 915 nec
675 871 848 927 capiunt
870 870 1052 912 inclusas
1075 875 1246 925 pectora
1268 869 1472 910 flammas.

420 929 588 984 iamque
611 942 749 970 moras
774 927 883 969 male
906 926 988 969 fert
1011 925 1248 981 cupidoque
1272 923 1496 967 revertitur
1518 937 1590 966 ore

420 986 474 1027 ad
496 985 695 1027 mandata
717 984 909 1040 Prognes
934 989 975 1026 et
999 982 1087 1038 agit
1111 997 1188 1023 sua
1212 988 1311 1023 vota
1334 980 1412 1022 sub
1436 979 1522 1022 illa.

419 1041 652 1084 facundum
675 1040 857 1082 faciebat
881 1053 1016 1089 amor3
1041 1038 1318 1093 quotiensque
1341 1035 1520 1093 rogabat

330 1112 397 1143 470
421 1098 594 1140 ulterius
618 1097 748 1147 iusto,
772 1096 971 1152 Prognen
995 1095 1053 1137 ita
1076 1094 1183 1137 velle
1206 1093 1383 1136 ferebat.

419 1154 579 1196 addidit
603 1160 644 1196 et
667 1153 879 1203 lacrimas,
905 1160 1106 1207 tanquam
1129 1150 1370 1192 mandasset
1393 1156 1435 1192 et
1457 1148 1563 1191 illas.

419 1225 496 1267 pro
521 1209 680 1265 superi,
705 1216 909 1264 quantum
932 1207 1124 1250 mortalia
1146 1214 1317 1262 pectora
1340 1219 1490 1249 caecae

419 1267 553 1309 noctis
578 1265 752 1308 habent!
776 1266 868 1321 ipso
893 1264 1061 1307 sceleris
1085 1263 1299 1305 molimine
1322 1262 1484 1304 Tereus

421 1323 603 1366 creditur
627 1338 719 1365 esse
743 1322 837 1377 pius
861 1321 1115 1375 laudemque
1139 1335 1165 1361 a
1189 1319 1359 1362 crimine
1384 1317 1525 1361 sumit.

329 1393 395 1424 475
420 1379 523 1434 quid
545 1379 659 1434 quod
683 1379 795 1420 idem
818 1377 1056 1419 Philomela
1079 1375 1194 1432 cupit
1215 1375 1456 1431 patriosque
1479 1373 1646 1417 lacertis

420 1436 577 1478 blanda
600 1442 746 1478 tenens
771 1448 956 1483 umeros,
981 1440 1029 1475 ut
1053 1440 1122 1475 eat
1144 1432 1288 1475 visura
1311 1445 1509 1481 sororem,

419 1507 580 1548 perque
605 1507 726 1534 suam
750 1498 978 1545 contraque
1003 1504 1124 1531 suam
1146 1489 1251 1545 petit
1273 1488 1367 1544 ipsa
1389 1485 1586 1530 salutem!

420 1555 583 1605 spectat
606 1563 700 1590 eam
723 1548 884 1590 Tereus
908 1552 1323 1602 praecontrectatque
1348 1543 1528 1586 videndo

421 1606 647 1659 osculaque
672 1611 714 1647 et
737 1605 843 1646 collo
868 1602 1126 1646 circumdata
1149 1600 1347 1644 bracchia
1370 1614 1544 1643 cernens

331 1674 397 1706 480
421 1661 561 1704 omnia
584 1676 660 1717 pro
685 1660 863 1703 stimulis
887 1659 1136 1714 facibusque
1162 1658 1339 1712 ciboque
1362 1655 1516 1699 furoris

421 1718 590 1774 accipit,
615 1725 656 1760 et
681 1717 871 1772 quotiens
896 1715 1161 1771 amplectitur
1184 1715 1255 1756 illa
1278 1719 1508 1770 parentem,

421 1789 512 1817 esse
536 1788 688 1830 parens
714 1773 857 1816 vellet:
882 1786 1019 1826 neque
1044 1772 1156 1814 enim
1180 1770 1318 1812 minus
1341 1768 1496 1825 impiu‘s
1521 1774 1644 1812 esset.

420 1830 601 1873 vincitur
625 1830 844 1871 ambarum
866 1829 1032 1885 genitor
1054 1841 1192 1883 prece.
1283 1825 1410 1868 audet
1433 1825 1605 1882 agitque

419 1887 491 1929 illa
514 1886 624 1943 patri
647 1895 806 1942 grates,
833 1893 875 1927 et
898 1884 1147 1926 successisse
1171 1882 1255 1925 dua
1285 1898 1336 1924 us

330 1956 396 1988 485
419 1943 464 1985 id
486 1950 606 1999 putat
630 1942 796 1992 infelix,
820 1941 934 1996 quod
959 1941 1037 1983 erit
1058 1940 1239 1996 lugubre
1263 1938 1442 1981 duabus.

420 2000 506 2041 iam
529 1999 649 2041 labor
672 1998 851 2054 exiguus
875 1997 1051 2039 Phoebo
1075 1996 1280 2045 restabat,
1306 1995 1489 2050 equique

420 2055 646 2112 pulsabant
668 2055 846 2110 pedibus
871 2054 1054 2109 spatium
1078 2052 1251 2095 declivis
1275 2050 1465 2107 Olympi.

420 2113 584 2167 regales
609 2112 759 2167 epulae
784 2111 937 2153 mensis
962 2118 1003 2152 et
1025 2109 1221 2151 Bacchus
1244 2108 1289 2150 in
1312 2122 1414 2150 auro

421 2168 608 2225 ponitur3
634 2168 730 2210 hinc
753 2167 919 2223 placido
944 2166 1098 2208 dantur
1122 2180 1199 2207 sua
1223 2179 1398 2220 corpora
1423 2177 1582 2206 somno.

331 2237 398 2269 490
422 2232 465 2267 at
488 2239 563 2267 rex
588 2223 819 2279 Odrysius,
845 2222 1036 2277 quamvis
1061 2221 1250 2272 secessit,
1272 2221 1316 2263 in
1338 2220 1411 2263 illa

422 2288 604 2331 aestuat3
630 2289 672 2323 et
694 2287 887 2336 repetens
911 2279 1064 2322 faciem
1087 2285 1310 2332 motusque
1334 2290 1567 2331 manusque

422 2337 564 2392 qualia
588 2337 677 2379 vult
700 2336 822 2392 fingit
845 2350 955 2390 quae
978 2335 1167 2378 nondum
1190 2334 1313 2384 vidit3
1339 2341 1381 2376 et
1402 2333 1522 2389 ignes

422 2395 512 2450 ipse
538 2408 635 2435 suos
659 2394 807 2443 nutrit,
833 2407 934 2435 cura
957 2397 1197 2435 removente
1221 2404 1428 2446 soporem.

421 2451 497 2492 lux
521 2457 628 2500 erat,
653 2457 695 2492 et
716 2449 863 2506 generi
886 2449 1077 2491 dextram
1101 2447 1345 2503 complexus
1369 2445 1506 2489 euntis

332 2520 399 2552 495
423 2507 619 2549 Pandion
644 2507 840 2549 comitem
862 2504 1044 2548 lacrimis
1068 2503 1335 2547 commendat
1358 2502 1534 2545 obortis:

424 2563 552 2605 ‘hanc
576 2577 676 2619 ego,
702 2577 796 2605 care
820 2577 963 2619 gener,
987 2560 1188 2616 quoniam
1210 2560 1282 2615 pia
1305 2573 1433 2602 causa
1456 2557 1607 2614 coegit,

424 2627 465 2661 et
488 2619 668 2662 voluere·
682 2620 850 2669 ambae,
875 2617 1044 2660 voluisti
1067 2624 1114 2659 tu
1136 2630 1327 2672 quoque,
1352 2615 1505 2665 Teren,

425 2676 479 2717 do
504 2675 594 2717 tibi.
652 2690 810 2731 perque
834 2675 962 2717 fidem
987 2680 1249 2730 cognataque
1273 2678 1444 2728 pectora
1467 2669 1659 2728 suppleX,

424 2747 500 2788 per
524 2746 697 2786 superos
722 2746 814 2782 oro,
838 2731 973 2787 patrio
998 2738 1045 2772 ut
1069 2729 1223 2772 tuearis
1248 2742 1402 2779 amore,

334 2802 400 2834 5ου
426 2796 467 2831 et
490 2787 593 2830 mihi
615 2788 815 2831 sollicitae
838 2787 1019 2830 lenimen
1044 2786 1165 2831 dulce
1189 2791 1382 2830 senectae

1767 670 1774 688 n
1758 592 1774 633 ..33
1764 534 1774 575 mn.
1765 494 1774 522 ..o
1751 426 1774 476 ΔΞ
1762 376 1774 408 d>
1769 343 1774 348 f.
1762 312 1767 319 “·
