1786 3242
344 281 430 323 272
785 287 829 322 P.
857 287 1021 324 OVIDII
1043 286 1260 325 NASONIS

335 378 379 413 et
402 369 556 412 multos
580 368 802 418 meruisse,
827 368 989 422 aliquos
1014 383 1037 411 e
1069 368 1150 410 isse
1175 367 1420 424 triumphos,

336 440 464 480 quam
488 432 652 467 tantum
675 424 872 480 genuisse
896 383 1068 466 virum?
1093 438 1177 479 quo
1201 424 1394 480 praeside
1417 439 1558 472 rerum
1771 430 1786 472 ἲὲ

336 482 521 523 humano
576 481 708 530 eneri,
733 480 892 536 superi,
917 480 1079 523 favistis
1104 480 1285 523 abunde.

246 552 313 584 760
336 553 389 580 ne
414 537 523 579 foret
545 496 615 580 {ic
637 536 768 592 igitur
790 536 956 578 mortali
981 537 1138 579 semine
1163 543 1314 587 cretus,

336 594 406 636 ille
431 594 535 636 deus
559 593 780 635 faciendus
805 599 906 635 erat,
966 593 1080 647 quod
1104 600 1151 635 ut
1174 608 1301 635 aurea
1325 592 1430 636 vidit

337 651 511 692 Aeneae
534 649 746 705 genetrix,
771 648 877 690 vidit
900 662 1068 703 quoque
1092 649 1209 691 triste
1232 649 1372 704 parari

337 705 526 762 pontifici
549 706 681 747 letum
706 712 748 747 et
772 704 988 747 coniurata
1012 720 1129 747 arma
1151 705 1324 755 moveri,

337 762 487 818 palluit
511 768 552 803 et
577 761 757 811 cunctis,
781 768 829 802 ut
853 761 1005 816 cuique
1030 768 1119 804 erat
1142 761 1285 812 obvia,
1310 761 1417 804 divis

246 832 312 864 765
339 818 527 873 ‘aspice,'
552 817 719 860 dicebat
743 822 919 872 ‘quanta
942 817 1044 859 mihi
1067 817 1177 860 mole
1231 825 1399 859 arentur

337 874 532 923 insidiae,
557 881 798 928 quantaque
823 881 950 929 caput
973 888 1071 915 cum
1093 873 1188 915 frau
1219 889 1242 916 e
1265 880 1444 929 petatur,

338 930 453 985 quod
477 931 529 972 de
552 930 771 972 Dardanio
796 931 932 972 solum
955 930 1058 971 mihi
1081 937 1210 973 restat
1233 930 1340 972 Iulo.

340 987 482 1029 solane
507 1001 673 1042 semper
696 1001 767 1028 ero
791 986 911 1028 iustis
936 986 1120 1029 exercita
1144 986 1282 1028 curis?

338 1057 465 1098 quam
488 1043 615 1084 modo
638 1042 831 1098 Tydidae
856 1041 1093 1098 Calydonia
1116 1043 1307 1085 vulneret
1329 1042 1462 1093 hasta,

249 1113 314 1144 770
338 1113 451 1141 nunc
475 1099 584 1141 male
609 1098 806 1141 defensae
832 1098 1092 1141 confundant
1114 1098 1280 1141 moenia
1303 1099 1476 1142 Troiae:

340 1169 450 1209 quae
474 1155 640 1197 videam
663 1162 810 1197 natum
833 1155 971 1211 longis
996 1155 1204 1197 erroribus
1230 1162 1372 1197 actum

339 1211 570 1264 iactarique
594 1211 701 1253 freto
727 1211 931 1265 sedesque
954 1211 1109 1253 intrare
1134 1212 1330 1254 silentum

339 1267 534 1321 bellaque
559 1281 655 1308 cum
679 1266 824 1308 Turno
848 1282 994 1323 gerere
1018 1275 1110 1318 aut,
1135 1267 1170 1309 si
1194 1282 1295 1310 vera
1317 1267 1511 1319 fatemur,

340 1337 438 1364 cum
461 1323 624 1364 Iunone
648 1322 809 1378 magis?
843 1324 945 1377 quid
968 1338 1080 1365 nunc
1104 1323 1277 1378 antiqua
1299 1324 1497 1366 recordor

248 1392 315 1424 775
341 1379 496 1420 damna
519 1379 601 1421 mei
624 1379 816 1434 generis?
850 1379 974 1420 timor
997 1379 1065 1421 hic
1087 1380 1327 1423 meminisse
1379 1380 1538 1423 riorum

338 1449 423 1477 non
447 1435 562 1477 sinit:
589 1450 641 1477 en
665 1435 760 1477 acui
784 1435 1007 1478 sceleratos
1032 1436 1198 1478 cernitis
1223 1395 1379 1478 enses?

340 1506 446 1545 quos
469 1491 706 1547 prohibete,
730 1505 890 1547 precor,
915 1490 1163 1546 facinusque
1187 1492 1394 1548 repellite,
1417 1507 1525 1536 neve

340 1547 468 1589 caede
492 1547 719 1590 sacerdotis
742 1548 931 1590 flammas
955 1548 1186 1603 extinguite
1210 1548 1406 1591 Vestael'

396 1603 519 1645 Talia
541 1604 800 1658 nequiquam
825 1611 911 1645 toto
934 1604 1082 1647 Venus
1107 1604 1231 1646 anxia
1254 1605 1370 1647 caelo

249 1672 315 1704 780
339 1659 469 1702 verba
492 1660 610 1710 iacit,
634 1674 893 1715 superosque
918 1668 1070 1702 movet.
1129 1660 1201 1715 qui
1224 1675 1418 1716 rumpere
1442 1675 1700 1718 quamquam

339 1715 476 1759 ferrea
499 1730 583 1758 non
606 1723 783 1772 possunt
805 1723 994 1759 veterum
1019 1717 1186 1759 decreta
1211 1731 1414 1767 sororum,

341 1772 462 1828 signa
485 1779 628 1815 tamen
649 1772 789 1814 luctus
813 1773 915 1814 dant
938 1772 1052 1814 haud
1075 1772 1234 1815 incerta
1257 1773 1402 1816 futuri.

340 1843 456 1870 arma
478 1828 621 1870 ferunt
642 1828 751 1871 inter
772 1828 915 1884 nigras
940 1829 1185 1884 crepitantia
1208 1829 1341 1871 nubes

339 1884 627 1939 terribilesque
652 1885 774 1926 tubas
799 1885 1024 1939 auditaque
1049 1899 1206 1927 cornua
1229 1886 1346 1927 caelo
1640 1915 1667 1934 a

249 1953 313 1985 785
338 1941 651 1995 praemonuisse
674 1940 806 1982 nefas.
867 1941 964 1982 solis
989 1955 1157 1995 quoque
1179 1941 1307 1983 tristis
1330 1941 1471 1998 imago

337 1996 475 2038 lurida
498 1996 683 2038 sollicitis
706 1997 936 2052 praebebat
958 1997 1118 2039 lumina
1141 1997 1274 2039 terris.

339 2067 463 2108 saepe
488 2052 602 2095 faces
625 2053 740 2095 visae
764 2053 912 2095 mediis
937 2053 1083 2095 ardere
1108 2053 1187 2095 sub
1211 2053 1345 2104 astris,

338 2123 463 2164 saepe
487 2109 596 2150 inter
618 2108 783 2151 nimbos
808 2116 954 2164 guttae
978 2109 1166 2151 cecidere
1191 2117 1400 2154 cruentae.

338 2165 530 2206 caerulus
555 2171 596 2207 et
619 2165 783 2207 vultum
806 2165 1020 2221 ferrugine
1043 2165 1218 2208 Lucifer
1241 2173 1332 2208 atra

248 2233 314 2264 790
339 2235 508 2276 sparsus
534 2228 641 2271 erat,
667 2221 801 2276 sparsi
823 2221 1016 2264 Lunares
1041 2222 1245 2278 sanguine
1270 2237 1429 2265 currus.

338 2276 472 2319 tristia
494 2277 607 2319 mille
631 2278 733 2319 locis
760 2277 935 2333 Stygius
961 2278 1077 2320 dedit
1099 2278 1240 2320 omina
1262 2278 1391 2328 bubo,

336 2333 449 2375 mille
473 2333 574 2375 locis
598 2333 831 2375 lacrimavit
855 2334 971 2383 ebur,
996 2341 1227 2389 cantusque
1250 2334 1443 2377 feruntur

338 2389 471 2431 auditi
494 2390 647 2432 sanctis
673 2398 715 2432 et
738 2390 867 2432 verba
889 2390 1069 2432 minacia
1091 2391 1209 2433 lucis.

337 2445 508 2487 victima
530 2446 646 2488 nulla
668 2446 778 2497 litat,
803 2461 1064 2502 magnosque
1087 2446 1242 2489 instare
1266 2447 1471 2489 tumultus

247 2515 311 2545 795
336 2501 442 2543 fibra
465 2509 625 2552 monet,
651 2516 904 2557 caesumque
929 2510 1054 2558 caput
1077 2503 1281 2558 reperitur
1303 2503 1348 2545 in
1372 2504 1492 2546 extis.

335 2557 463 2611 inque
487 2558 578 2600 foro
604 2559 844 2613 circumque
869 2559 1014 2600 domos
1039 2566 1080 2601 et
1103 2559 1259 2615 templa
1283 2559 1459 2601 deorum

336 2620 561 2656 nocturnos
586 2615 770 2657 ululasse
794 2629 918 2657 canes
942 2615 1197 2670 umbrasque
1222 2615 1418 2658 silentum

338 2669 541 2712 erravisse
565 2671 724 2720 ferunt,
748 2677 990 2725 motamque
1013 2671 1261 2714 tremoribus
1285 2671 1446 2714 urbem.

337 2739 422 2766 non
445 2732 587 2768 tamen
610 2727 781 2768 insidias
805 2734 1065 2782 venturaque
1090 2728 1255 2770 vincere
1278 2727 1368 2770 fata

245 2794 313 2825 800
338 2782 621 2837 praemonitus
646 2790 820 2839 potuere
845 2783 988 2825 deum:
1013 2784 1226 2839 strictique
1249 2784 1442 2826 feruntur
