1774 3256
400 261 455 304 66
841 268 884 303 Ρ.
911 267 1076 305 OV1D11
1100 265 1316 303 NASONIS

400 365 484 405 quo
509 349 631 392 simul
654 348 842 397 intravit,
867 362 1068 403 sacroque
1093 363 1118 390 a
1141 362 1314 404 corpore
1337 362 1528 404 pressum

399 406 604 462 ingemuit
626 405 771 451 limen,
796 404 876 446 tria
901 402 1112 447 Cerberus
1137 404 1286 446 extulit
1309 418 1383 446 ora

311 475 376 507 450
401 472 443 504 et
466 470 550 504 tres
573 462 748 503 latratus
773 461 896 502 simul
921 460 1064 502 edidit.
1120 461 1193 503 illa
1216 475 1378 503 sorores

399 519 533 560 Nocte
557 524 679 559 vocat
701 517 884 572 genitas,
908 531 1037 572 grave
1062 524 1103 559 et
1125 517 1390 573 implacabile
1411 531 1568 560 numen
1589 541 1650 549 —

400 574 577 616 carceris
603 582 698 615 ante
721 573 832 616 fores
857 574 1021 615 clausas
1047 573 1268 615 adamante
1293 573 1495 616 sedebant

400 631 536 685 deque
561 630 647 671 suis
671 637 782 671 atros
805 629 1030 685 pectebant
1054 630 1236 672 crinibus
1261 644 1421 685 angues
1443 645 1518 672 —:

400 702 526 741 quam
552 687 674 728 simul
699 693 908 742 agnorunt
933 686 1041 728 inter
1064 686 1252 742 caliginis
1276 685 1462 736 umbras,

309 756 375 787 455
400 757 616 785 surrexere
642 743 757 784 deae.
817 743 937 785 sedes
962 741 1176 785 Scelerata
1198 750 1384 784 vocatur.

398 800 559 842 viscera
581 799 811 854 praebebat
834 799 981 854 Tityos
1004 799 1220 848 lanianda,
1244 812 1481 852 novemque

398 856 614 911 iugeribus
640 855 843 897 distentus
868 863 974 897 erat:
999 855 1094 905 tibi,
1119 855 1315 904 Tantale‚
1339 854 1479 897 nullae

400 912 715 968 deprenduntur
738 926 892 966 aquae,
917 925 1109 966 quaeque
1132 912 1340 961 imminet,
1365 911 1516 967 effugit
1539 911 1685 955 arbon

400 977 472 1010 aut
495 968 602 1023 petis
627 975 700 1009 aut
723 982 849 1022 urges
873 968 1123 1018 rediturum,
1150 967 1352 1022 Sisyphe,
1377 982 1547 1010 saxum=

309 1037 376 1069 460
400 1025 580 1066 volvitur
603 1025 726 1065 Ixion
751 1032 792 1066 et
815 1039 859 1066 se
884 1024 1155 1078 sequiturque
1179 1024 1392 1079 fugitque:

398 1081 618 1134 molirique
643 1080 728 1122 suis
751 1081 882 1122 letum
905 1080 1163 1135 patruelibus
1189 1095 1316 1122 ausae

399 1137 592 1179 assiduae
615 1144 828 1192 repetunt,
853 1150 957 1190 quas
982 1137 1178 1191 perdant,
1202 1136 1372 1179 Belides
1396 1137 1545 1179 undas.

399 1208 504 1248 quos
530 1207 673 1234 omnes
697 1193 786 1235 acie
810 1205 1032 1247 postquam
1058 1191 1257 1236 Saturnia
1281 1199 1400 1234 torva

399 1250 522 1299 vidit,
548 1257 589 1291 et
614 1256 709 1291 ante
733 1263 877 1291 omnes
900 1249 1069 1298 Ixiona,
1093 1264 1236 1290 rursus
1260 1249 1315 1291 ab
1337 1249 1410 1291 illo

308 1318 375 1350 465
402 1305 615 1361 Sisyphon
639 1306 844 1361 aspiciens
869 1309 964 1346 ‘cur
987 1305 1055 1347 hic
1079 1320 1102 1347 e
1126 1305 1342 1348 fratribus'
1366 1305 1504 1360 inquit

401 1367 643 1418 ‘perpetuas
667 1362 824 1417 patitur
846 1375 1022 1416 poenas,
1046 1361 1307 1403 Athamanta
1331 1362 1559 1417 superbum

398 1419 516 1473 regia
541 1418 657 1460 dives
681 1418 826 1467 habet,
851 1418 923 1472 qui
947 1433 1015 1460 me
1040 1433 1136 1460 cum
1161 1418 1339 1473 coniuge
1364 1433 1530 1474 semper

399 1474 598 1530 sprevit?’
625 1482 666 1516 et
690 1475 862 1530 exponit
886 1489 1034 1516 causas
1059 1474 1226 1528 odiique
1250 1474 1440 1529 viaeque,

398 1531 583 1585 quidque
607 1531 719 1572 velit.
779 1531 893 1584 quod
917 1531 1060 1580 vellet,
1085 1539 1191 1579 erat,
1216 1545 1269 1572 ne
1292 1531 1410 1587 regia
1434 1529 1588 1573 Cadmi

306 1600 374 1631 470
399 1595 544 1636 staret,
570 1594 611 1629 et
634 1588 677 1628 in
701 1587 865 1628 facinus
889 1587 1100 1629 traherent
1124 1587 1386 1630 Athamanta
1409 1602 1584 1630 sorores.

397 1644 638 1699 imperium,
663 1644 887 1698 promissa,
911 1658 1057 1698 preces
1082 1643 1300 1686 confundit
1322 1643 1368 1685 in
1390 1658 1524 1686 unum

396 1700 672 1754 sollicitatque
697 1700 811 1742 deas.
871 1700 930 1742 sic
953 1700 1058 1742 haec
1082 1700 1244 1742 Iunone
1266 1700 1421 1751 locuta,

396 1756 627 1811 Tisiphone
653 1770 798 1804 canos,
822 1763 869 1797 ut
893 1765 1000 1805 erat,
1025 1756 1193 1798 turbata
1216 1756 1388 1812 capillos

395 1813 527 1854 movit
551 1820 592 1854 et
616 1812 829 1854 obstantes
854 1812 996 1854 reiecit
1020 1813 1073 1854 ab
1098 1827 1169 1854 ore
1194 1812 1386 1854 colubras

305 1881 370 1912 475
396 1876 522 1922 atque
545 1868 603 1909 ita
627 1868 890 1923 ‘non'longis
915 1883 1020 1924 opus
1045 1876 1107 1910 est
1132 1868 1400 1924 ambagibus’
1425 1869 1581 1923 inquit:

397 1924 527 1966 ‘facta
550 1933 671 1980 puta,
697 1939 988 1979 quaecumque
1011 1925 1149 1966 iubes:
1175 1924 1398 1967 inamabile
1421 1940 1599 1981 regnum

397 1980 542 2022 desere
567 1988 691 2034 teque
715 1981 826 2023 refer
851 1981 955 2023 caeli
978 1981 1160 2022 melioris
1184 1981 1239 2022 ad
1262 1981 1412 2023 auras.’

394 2037 505 2079 laeta
527 2037 636 2079 redit
660 2037 780 2078 Iuno.
839 2051 968 2091 quam
992 2038 1155 2079 caelum
1178 2037 1333 2079 intrare
1357 2045 1577 2092 parantem

393 2093 542 2135 roratis
566 2093 757 2134 lustravit
781 2093 900 2147 aquis
924 2093 1228 2135 Thaumantias
1252 2094 1345 2135 Iris.

304 2163 371 2195 480
395 2164 474 2191 nec
499 2164 635 2199 mora,
661 2150 889 2204 Tisiphone
914 2150 1195 2192 madefactam
1219 2150 1423 2205 sanguine
1447 2150 1573 2193 sumit

392 2206 631 2260 importuna
654 2206 810 2255 facem,
834 2206 1047 2260 fluidoque
1073 2220 1219 2248 cruore
1242 2206 1464 2248 rubentem

391 2262 580 2304 induitur
603 2263 759 2317 pallam
783 2270 976 2316 tortoque
999 2262 1228 2318 incingitur
1252 2277 1390 2318 angue

392 2318 689 2374 egrediturque
714 2319 851 2360 domo.
910 2319 1075 2360 Luctus
1100 2319 1322 2361 comitatur
1345 2326 1515 2362 euntem

392 2383 434 2416 et
457 2374 600 2416 Pavor
624 2383 665 2416 et
688 2375 844 2416 Terror
867 2375 1113 2430 trepidoque
1137 2375 1307 2416 Insania
1330 2375 1463 2417 vultu.

301 2444 367 2475 485
391 2431 534 2473 limine
559 2431 812 2473 constiterat.
870 2440 1011 2486 postes
1035 2431 1254 2473 tremuisse
1277 2431 1471 2473 feruntur

391 2487 551 2536 Aeolii,
577 2488 793 2542 pallorque
816 2487 928 2530 fores
952 2487 1095 2529 infecit
1120 2502 1305 2537 acemas,

391 2544 538 2597 solque
562 2544 702 2585 locum
726 2543 849 2599 fugit.
907 2544 1102 2585 monstris
1127 2544 1323 2586 exterrita
1346 2543 1544 2594 coniunx,

391 2599 558 2641 territus
583 2608 646 2641 est
669 2600 897 2649 Athamas,
921 2607 1117 2654 tectoque
1141 2600 1254 2643 exire
1278 2600 1502 2655 parabant:

390 2655 551 2696 obstitit
573 2655 720 2698 infelix
745 2656 990 2711 aditumque
1014 2656 1178 2698 obsedit
1201 2656 1371 2711 Erinys,

300 2725 366 2758 490
389 2725 581 2765 nexaque
605 2712 784 2767 vipereis
810 2712 1050 2755 distendens
1075 2712 1269 2755 bracchia
1291 2713 1411 2754 nodis

392 2767 617 2810 caesariem
643 2768 838 2810 excussit.
898 2775 1036 2811 motae
1061 2783 1237 2811 sonuere
1262 2769 1477 2812 colubrae:
