1774 3256
290 454 357 485 660

291 734 356 767 665

291 1016 358 1048 670

290 1297 355 1329 675

291 1579 357 1612 680

291 1861 356 1893 685

289 2141 355 2173 690

288 2423 352 2454 695

286 2704 354 2735 700

380 236 438 279 54
823 244 868 279 P.
894 242 1060 279 0V1D11
1082 241 1298 279 NASONIS

379 342 455 383 per
477 326 554 368 tibi
577 339 690 368 nunc
712 325 851 390 ipsum
874 347 932 354 —
954 337 1033 366 nec
1057 323 1168 365 enim
1192 324 1451 379 praesentior
1473 324 1545 368 illo

379 663 614 719 impediunt
636 662 817 705 hederae
841 676 978 704 remos
1001 676 1197 717 nexuque
1221 677 1397 706 recurvo

381 391 443 425 est
467 383 571 424 deus
595 406 652 412 —
675 382 841 430 adiuro,
866 387 952 422 tam
976 394 1044 421 me
1067 379 1144 421 tibi
1167 394 1267 422 vera
1289 381 1459 431 referre,

381 453 509 493 quam
533 438 621 480 veri
644 437 803 479 maiora
826 436 922 478 fide.
982 435 1096 478 stetit
1118 450 1300 491 aequore
1323 437 1477 494 puppis

380 495 494 536 haud
518 494 651 544 aliter,
675 507 804 548 quam
828 493 864 534 si
888 492 1046 535 siccum
1069 493 1219 536 navale
1242 499 1415 537 teneret.

380 551 439 592 ini
463 550 717 606 admirantes
741 563 952 592 remorum
975 548 1019 590 in
1043 549 1217 592 verbere
1236 557 1429 606 „perstant

380 607 559 660 velaque
583 606 798 648 deducunt
820 605 1074 661 geminaque
1098 620 1179 662 ope
1203 621 1370 653 currere
1393 613 1614 663 temptant.

381 726 556 774 serpunt
578 726 621 761 et
644 718 830 774 gravidis
855 718 1120 774 distinguunt
1144 719 1239 762 vela
1263 719 1486 775 corymbis.
1541 749 1544 751 v
1594 745 1597 747 ·

380 776 471 832 ipse
496 775 752 817 racemiferis
776 775 957 817 frontem
982 775 1264 818 circumdatus
1288 776 1382 818 uvis
1732 803 1753 833 ῳ

380 831 614 888 pampineis
639 831 772 887 agitat
794 832 976 874 velatam
1000 831 1219 874 frondibus
1243 832 1421 875 hastam.

382 903 509 943 quem
533 888 644 931 cirea
667 888 795 944 tigres
820 888 1127 943 simulacraque
1149 888 1291 931 inania
1313 889 1485 944 lyncum
1736 919 1752 940 e.

380 945 670 1000 pictarumque
693 945 832 986 iacent
854 943 945 987 fera
968 958 1144 1000 corpora
1167 944 1479 1000 pantherarum.
1737 974 1755 1002 ,ς

381 1001 565 1044 exiluere
589 1001 686 1050 viri,
711 1001 800 1043 sive
823 1000 903 1043 hoc
927 1001 1090 1043 insania
1113 1000 1214 1044 fecit
1735 1011 1755 1059 ἑξ

381 1058 469 1100 sive
493 1057 618 1099 timor
626 1074 638 1108 3
662 1057 907 1113 primusque
931 1057 1093 1100 Medon
1115 1058 1354 1114 nigrescere
1377 1059 1515 1116 coepit
1582 1094 1585 1096 .

381 1128 555 1169 corpore
579 1122 621 1156 et
643 1128 841 1170 expresso
865 1114 1010 1169 spinae
1035 1114 1276 1157 curvamine
1298 1115 1422 1158 flecti.
1733 1125 1753 1148 ⁶0

380 1170 527 1226 incipit
549 1170 648 1213 huic
671 1170 889 1226 Lycabas:
916 1171 991 1212 “in
1017 1185 1126 1226 quae
1149 1171 1383 1214 miracula''
1408 1171 1515 1215 dixit

382 1227 646 1269 “verteris?''
672 1235 713 1269 et
736 1227 811 1269 lati
833 1227 962 1269 rictus
986 1235 1028 1269 et
1051 1227 1191 1282 panda
1213 1227 1402 1283 loquenti

379 1284 492 1326 naris
516 1291 624 1333 erat,
649 1297 953 1338 squamamque
978 1284 1084 1326 cutis
1108 1284 1258 1326 durata
1280 1283 1487 1328 trahebat..

382 1348 424 1382 at
447 1339 583 1395 Libys
608 1340 822 1382 obstantes
847 1340 948 1382 dum
972 1340 1063 1382 vult
1086 1340 1303 1383 obvertere
1326 1355 1478 1391 remos,

380 1397 423 1438 in
449 1397 629 1452 spatium
655 1396 813 1439 resilire
836 1411 988 1438 manus
1011 1396 1138 1439 breve
1163 1396 1285 1448 vidit,
1310 1405 1353 1440 et
1373 1397 1467 1440 illas

380 1453 465 1494 iam
488 1467 572 1494 non
597 1468 687 1495 esse
711 1468 881 1503 manus,
905 1453 990 1494 iam
1014 1453 1164 1508 pinnas
1187 1466 1311 1509 posse
1334 1453 1489 1496 vocari.

381 1510 486 1551 alter
509 1510 563 1551 ad
586 1510 759 1564 intortos
785 1509 957 1565 cupiens
982 1509 1081 1551 dare
1108 1509 1302 1552 bracchia
1324 1508 1448 1554 fune-s

381 1565 577 1608 bracchia
600 1580 684 1608 non
709 1566 875 1616 habuit,
899 1573 1131 1620 truncoque
1155 1566 1365 1622 repandus
1387 1566 1432 1608 in
1454 1566 1591 1610 undas

381 1636 554 1678 corpore
580 1622 759 1664 desiluit.
818 1622 973 1664 falcata
996 1622 1225 1664 novissima
1249 1623 1385 1665 cauda
1407 1630 1484 1674 est,

380 1679 521 1732 qualia
545 1679 742 1721 dimidiae
765 1679 985 1720 sinuantur
1008 1693 1166 1720 cornua
1187 1679 1327 1722 lunae.
1751 1712 1758 1716 s

380 1735 565 1789 undique
590 1735 691 1776 dant
714 1735 845 1776 saltus
869 1735 1084 1789 multaque
1108 1735 1328 1791 aspergine
1352 1742 1495 1778 rorant
1748 1740 1761 1791 ᾖ

381 1798 684 1846 emerguntque
708 1791 859 1833 iterum
883 1791 1141 1845 redeuntque
1165 1792 1244 1833 sub
1269 1806 1452 1846 aequora
1475 1807 1623 1835 rursus-

381 1847 508 1902 inque
533 1847 648 1889 chori
671 1848 823 1889 ludunt
847 1847 1029 1902 speciem
1052 1847 1293 1902 lascivaque
1317 1849 1473 1890 iactant
1751 1893 1760 1896 ,

382 1918 556 1959 corpora
580 1911 622 1946 et
645 1911 865 1958 acceptum
889 1904 1043 1959 patulis
1067 1919 1183 1946 mare
1207 1904 1379 1946 naribus
1403 1904 1560 1948 efflant.
1744 1931 1763 1949 a

381 1960 432 2002 de
457 1960 582 2001 modo
606 1959 756 2015 viginti
779 1959 862 2014 (tot
885 1960 997 2001 enim
1021 1960 1121 2002 ratis
1144 1960 1216 2002 illa
1240 1960 1422 2017 ferebat)
1465 1959 1467 1961 ’
1755 1972 1765 1981 *

379 2016 590 2058 restabam
615 2017 740 2058 solus.
798 2016 1000 2071 pavidum
1023 2016 1295 2072 gelidumque
1318 2017 1513 2060 trementi

380 2086 553 2128 corpore
578 2072 733 2127 vixque
756 2087 898 2114 meum
923 2073 1061 2114 firmat
1086 2073 1190 2115 deus
1215 2073 1432 2116 “excute'’
1458 2074 1601 2117 dicens

380 2129 540 2171 “corde
564 2136 743 2178 metum,
767 2128 981 2183 Diamque
1005 2128 1152 2171 tene!''
1212 2130 1374 2172 delatus
1396 2129 1442 2172 in
1464 2130 1579 2172 illam

379 2185 537 2227 accessi
562 2185 708 2234 sacris,
734 2185 1013 2239 Baccheaque
1038 2186 1147 2228 festa
1169 2185 1420 2241 frequento.’
1618 2211 1620 2213 >
1740 2226 1750 2238 ,

379 2242 668 2297 ‘praebuimus
691 2241 847 2297 longis’
871 2241 1089 2284 Pentheus
1113 2242 1383 2298 ‘ambagibus
1407 2242 1548 2285 aures’
1635 2243 1726 2277 Pen·
1760 2241 1762 2243 ¹

377 2297 531 2352 inquit,
557 2302 625 2340 ‘ut
647 2298 709 2339 ira
732 2312 850 2339 mora
873 2298 983 2340 vires
1007 2298 1227 2341 absumere
1250 2306 1404 2354 posset.
1632 2288 1763 2345 ulem&

377 2354 651 2410 praecipitem
674 2354 823 2395 famuli
846 2354 981 2410 rapite
1004 2354 1135 2403 hunc,
1161 2355 1427 2409 cruciataque
1452 2354 1552 2398 diris

378 2425 554 2466 corpora
578 2411 794 2454 tormentis
820 2410 996 2466 Stygiae
1020 2411 1222 2453 demittite
1245 2411 1384 2453 nocti?

376 2467 567 2522 protinus
592 2467 824 2509 abstractus
850 2467 993 2508 solidis
1017 2467 1261 2523 Tyrrhenus
1285 2468 1469 2510 Acoetes

378 2523 587 2565 clauditur
609 2524 653 2565 in
677 2523 816 2565 tectis:
842 2531 883 2565 et
908 2523 1008 2565 dum
1033 2523 1219 2566 crudelia
1240 2523 1379 2566 iussae

376 2579 654 2622 instrumenta
676 2580 791 2622 necis
815 2579 1057 2634 ferrumque
1080 2579 1283 2635 ignesque
1305 2588 1519 2636 parantur,

378 2643 526 2690 sponte
551 2651 627 2677 sua
650 2636 836 2691 patuisse
861 2636 991 2686 fores,
1017 2636 1240 2691 lapsasque
1263 2636 1429 2679 lacertis

379 2699 527 2747 sponte
552 2706 629 2733 sua
652 2692 767 2734 fama
791 2699 855 2734 est
877 2693 993 2735 nullo
1018 2693 1205 2735 solvente
1230 2700 1412 2735 catenas.

434 2747 602 2790 Perstat
626 2747 894 2791 Echionides.
953 2763 1031 2791 nec
1055 2748 1140 2791 iam
1163 2748 1279 2792 iubet
1302 2749 1381 2799 ire,
1406 2747 1479 2791 sed
1502 2747 1592 2806 ipse

1664 0 1673 10 *a

1734 837 1745 856 ι’
1744 779 1748 785 ,
1728 628 1753 762 *astte-*⁷⁵37
1731 467 1747 611 Dfllbwt'ssst...
1727 319 1747 451 mm
1728 243 1749 294 ’.τξΨ
1738 198 1740 203 -
1742 127 1745 129 ,
