<?xml version="1.0" encoding="UTF-8"?>
<!DOCTYPE html PUBLIC "-//W3C//DTD XHTML 1.0 Transitional//EN"
    "http://www.w3.org/TR/xhtml1/DTD/xhtml1-transitional.dtd">
<html xmlns="http://www.w3.org/1999/xhtml" xml:lang="en" lang="en">
 <head>
  <title>
</title>
<meta http-equiv="Content-Type" content="text/html;charset=utf-8" />
  <meta name='ocr-system' content='tesseract 3.04.00' />
  <meta name='ocr-capabilities' content='ocr_page ocr_carea ocr_par ocr_line ocrx_word'/>
</head>
<body>
  <div class='ocr_page' id='page_1' title='image "./carminao02oviduoft_0120.png"; bbox 0 0 1774 3256; ppageno 0'>
   <div class='ocr_carea' id='block_1_1' title="bbox 349 254 1265 305">
    <p class='ocr_par' dir='ltr' id='par_1_1' title="bbox 349 254 1265 305">
     <span class='ocr_line' id='line_1_1' title="bbox 349 254 1265 305; baseline 0.01 -9"><span class='ocrx_word' id='word_1_1' title='bbox 349 254 405 297; x_wconf 87' lang='lat'><strong>84</strong></span> <span class='ocrx_word' id='word_1_2' title='bbox 790 263 834 299; x_wconf 90' lang='grc' dir='ltr'><strong>Ρ.</strong></span> <span class='ocrx_word' id='word_1_3' title='bbox 861 263 1026 301; x_wconf 90' lang='lat' dir='ltr'>OVIDII</span> <span class='ocrx_word' id='word_1_4' title='bbox 1049 263 1265 305; x_wconf 83' lang='lat' dir='ltr'>NASONIS</span> 
     </span>
    </p>
   </div>
   <div class='ocr_carea' id='block_1_2' title="bbox 245 343 1702 1920">
    <p class='ocr_par' dir='ltr' id='par_1_2' title="bbox 245 343 1702 1920">
     <span class='ocr_line' id='line_1_2' title="bbox 256 343 1371 400; baseline -0.001 -11"><span class='ocrx_word' id='word_1_5' title='bbox 256 357 323 389; x_wconf 82' lang='lat'><strong>435</strong></span> <span class='ocrx_word' id='word_1_6' title='bbox 348 350 604 400; x_wconf 85' lang='lat' dir='ltr'><strong>pectoraque</strong></span> <span class='ocrx_word' id='word_1_7' title='bbox 627 343 671 385; x_wconf 91' lang='lat' dir='ltr'><strong>in</strong></span> <span class='ocrx_word' id='word_1_8' title='bbox 694 350 841 386; x_wconf 89' lang='lat' dir='ltr'><strong>tenues</strong></span> <span class='ocrx_word' id='word_1_9' title='bbox 865 343 1023 387; x_wconf 91' lang='lat' dir='ltr'><strong>abeunt</strong></span> <span class='ocrx_word' id='word_1_10' title='bbox 1046 345 1223 388; x_wconf 82' lang='lat' dir='ltr'>evanida</span> <span class='ocrx_word' id='word_1_11' title='bbox 1246 345 1371 393; x_wconf 69' lang='lat' dir='ltr'><strong>r&#39;reos.</strong></span> 
     </span>
     <span class='ocr_line' id='line_1_3' title="bbox 348 399 1341 457; baseline 0.004 -16"><span class='ocrx_word' id='word_1_12' title='bbox 348 399 529 454; x_wconf 88' lang='lat' dir='ltr'><strong>denique</strong></span> <span class='ocrx_word' id='word_1_13' title='bbox 551 413 627 455; x_wconf 90' lang='lat' dir='ltr'><strong>pro</strong></span> <span class='ocrx_word' id='word_1_14' title='bbox 651 399 748 442; x_wconf 89' lang='lat' dir='ltr'><strong>vivo</strong></span> <span class='ocrx_word' id='word_1_15' title='bbox 772 399 938 442; x_wconf 86' lang='lat' dir='ltr'><strong>vitiatas</strong></span> <span class='ocrx_word' id='word_1_16' title='bbox 962 401 1168 457; x_wconf 86' lang='lat' dir='ltr'><strong>sanguine</strong></span> <span class='ocrx_word' id='word_1_17' title='bbox 1192 407 1341 453; x_wconf 57' lang='lat' dir='ltr'><strong>venaffi.</strong></span> 
     </span>
     <span class='ocr_line' id='line_1_4' title="bbox 346 455 1599 515; baseline 0.004 -17"><span class='ocrx_word' id='word_1_18' title='bbox 346 455 520 511; x_wconf 89' lang='lat' dir='ltr'><strong>lympha</strong></span> <span class='ocrx_word' id='word_1_19' title='bbox 544 455 675 505; x_wconf 80' lang='lat' dir='ltr'><strong>subit,</strong></span> <span class='ocrx_word' id='word_1_20' title='bbox 700 462 913 511; x_wconf 89' lang='lat' dir='ltr'><strong>restatque</strong></span> <span class='ocrx_word' id='word_1_21' title='bbox 936 456 1059 508; x_wconf 90' lang='lat' dir='ltr'><strong>nihil,</strong></span> <span class='ocrx_word' id='word_1_22' title='bbox 1083 458 1198 512; x_wconf 92' lang='lat' dir='ltr'><strong>quod</strong></span> <span class='ocrx_word' id='word_1_23' title='bbox 1220 456 1425 514; x_wconf 45' lang='lat' dir='ltr'><strong>pretaere</strong></span> <span class='ocrx_word' id='word_1_24' title='bbox 1448 458 1599 515; x_wconf 80' lang='lat' dir='ltr'><strong>possis.</strong></span> 
     </span>
     <span class='ocr_line' id='line_1_5' title="bbox 402 511 1380 567; baseline 0.005 -15"><span class='ocrx_word' id='word_1_25' title='bbox 402 511 571 554; x_wconf 86' lang='lat' dir='ltr'><strong>Interea</strong></span> <span class='ocrx_word' id='word_1_26' title='bbox 594 511 774 567; x_wconf 84' lang='lat' dir='ltr'><strong>pavidae</strong></span> <span class='ocrx_word' id='word_1_27' title='bbox 797 512 1055 567; x_wconf 88' lang='lat' dir='ltr'><strong>nequiquam</strong></span> <span class='ocrx_word' id='word_1_28' title='bbox 1077 513 1164 556; x_wconf 90' lang='lat' dir='ltr'><strong>filia</strong></span> <span class='ocrx_word' id='word_1_29' title='bbox 1186 514 1310 557; x_wconf 87' lang='lat' dir='ltr'><strong>matri</strong></span> <span class='ocrx_word' id='word_1_30' title='bbox 1346 513 1380 552; x_wconf 58' lang='lat' dir='ltr'><strong>l*</strong></span> 
     </span>
     <span class='ocr_line' id='line_1_6' title="bbox 346 566 1348 627; baseline 0.004 -18"><span class='ocrx_word' id='word_1_31' title='bbox 346 566 541 610; x_wconf 89' lang='lat' dir='ltr'><strong>omnibus</strong></span> <span class='ocrx_word' id='word_1_32' title='bbox 565 575 629 609; x_wconf 88' lang='lat' dir='ltr'><strong>est</strong></span> <span class='ocrx_word' id='word_1_33' title='bbox 651 569 790 618; x_wconf 86' lang='lat' dir='ltr'><strong>terris,</strong></span> <span class='ocrx_word' id='word_1_34' title='bbox 815 569 929 611; x_wconf 91' lang='lat' dir='ltr'><strong>omni</strong></span> <span class='ocrx_word' id='word_1_35' title='bbox 952 570 1142 624; x_wconf 88' lang='lat' dir='ltr'><strong>quaesita</strong></span> <span class='ocrx_word' id='word_1_36' title='bbox 1164 570 1348 627; x_wconf 89' lang='lat' dir='ltr'><strong>profund</strong></span> 
     </span>
     <span class='ocr_line' id='line_1_7' title="bbox 255 623 1398 693; baseline 0.003 -26"><span class='ocrx_word' id='word_1_37' title='bbox 255 636 323 669; x_wconf 84' lang='lat'><strong>440</strong></span> <span class='ocrx_word' id='word_1_38' title='bbox 345 623 460 666; x_wconf 89' lang='lat' dir='ltr'><strong>illam</strong></span> <span class='ocrx_word' id='word_1_39' title='bbox 484 637 569 666; x_wconf 88' lang='lat' dir='ltr'><strong>non</strong></span> <span class='ocrx_word' id='word_1_40' title='bbox 591 624 687 666; x_wconf 89' lang='lat' dir='ltr'><strong>udis</strong></span> <span class='ocrx_word' id='word_1_41' title='bbox 711 625 883 667; x_wconf 88' lang='lat' dir='ltr'><strong>veniens</strong></span> <span class='ocrx_word' id='word_1_42' title='bbox 906 626 1078 668; x_wconf 89' lang='lat' dir='ltr'><strong>Aurora</strong></span> <span class='ocrx_word' id='word_1_43' title='bbox 1102 627 1263 693; x_wconf 78' lang='lat' dir='ltr'><strong>capillis</strong></span> <span class='ocrx_word' id='word_1_44' title='bbox 1393 672 1398 677; x_wconf 71' lang='grc'><strong>,</strong></span> 
     </span>
     <span class='ocr_line' id='line_1_8' title="bbox 345 680 1429 738; baseline 0.005 -17"><span class='ocrx_word' id='word_1_45' title='bbox 345 687 580 722; x_wconf 81' lang='lat' dir='ltr'><strong>cessantem</strong></span> <span class='ocrx_word' id='word_1_46' title='bbox 603 680 726 731; x_wconf 90' lang='lat' dir='ltr'><strong>vidit,</strong></span> <span class='ocrx_word' id='word_1_47' title='bbox 749 695 836 723; x_wconf 90' lang='lat' dir='ltr'><strong>non</strong></span> <span class='ocrx_word' id='word_1_48' title='bbox 859 682 1092 738; x_wconf 87' lang='lat' dir='ltr'><strong>Hesperus.</strong></span> <span class='ocrx_word' id='word_1_49' title='bbox 1149 683 1221 725; x_wconf 81' lang='lat' dir='ltr'><strong>1lla</strong></span> <span class='ocrx_word' id='word_1_50' title='bbox 1245 684 1429 726; x_wconf 71' lang='lat' dir='ltr'><strong>duabus*</strong></span> 
     </span>
     <span class='ocr_line' id='line_1_9' title="bbox 344 736 1467 793; baseline 0.006 -16"><span class='ocrx_word' id='word_1_51' title='bbox 344 736 613 779; x_wconf 84' lang='lat' dir='ltr'><strong>flammiferas</strong></span> <span class='ocrx_word' id='word_1_52' title='bbox 637 737 761 793; x_wconf 88' lang='lat' dir='ltr'><strong>pinus</strong></span> <span class='ocrx_word' id='word_1_53' title='bbox 785 738 980 781; x_wconf 90' lang='lat' dir='ltr'><strong>manibus</strong></span> <span class='ocrx_word' id='word_1_54' title='bbox 1005 739 1221 782; x_wconf 87' lang='lat' dir='ltr'><strong>succendit</strong></span> <span class='ocrx_word' id='word_1_55' title='bbox 1245 740 1299 782; x_wconf 92' lang='lat' dir='ltr'><strong>ab</strong></span> <span class='ocrx_word' id='word_1_56' title='bbox 1324 740 1467 785; x_wconf 80' lang='lat' dir='ltr'><strong>Aetna</strong></span> 
     </span>
     <span class='ocr_line' id='line_1_10' title="bbox 343 793 1352 850; baseline 0.004 -16"><span class='ocrx_word' id='word_1_57' title='bbox 343 807 504 848; x_wconf 86' lang='lat' dir='ltr'><strong>perque</strong></span> <span class='ocrx_word' id='word_1_58' title='bbox 526 793 746 848; x_wconf 88' lang='lat' dir='ltr'><strong>pruinosas</strong></span> <span class='ocrx_word' id='word_1_59' title='bbox 771 794 866 836; x_wconf 87' lang='lat' dir='ltr'><strong>tulit</strong></span> <span class='ocrx_word' id='word_1_60' title='bbox 888 794 1121 850; x_wconf 91' lang='lat' dir='ltr'><strong>inrequieta</strong></span> <span class='ocrx_word' id='word_1_61' title='bbox 1144 796 1352 838; x_wconf 88' lang='lat' dir='ltr'><strong>tenebras.</strong></span> 
     </span>
     <span class='ocr_line' id='line_1_11' title="bbox 342 849 1445 903; baseline 0.005 -13"><span class='ocrx_word' id='word_1_62' title='bbox 342 864 507 898; x_wconf 88' lang='lat' dir='ltr'><strong>rursus,</strong></span> <span class='ocrx_word' id='word_1_63' title='bbox 531 849 606 891; x_wconf 90' lang='lat' dir='ltr'><strong>ubi</strong></span> <span class='ocrx_word' id='word_1_64' title='bbox 630 850 741 892; x_wconf 89' lang='lat' dir='ltr'><strong>alma</strong></span> <span class='ocrx_word' id='word_1_65' title='bbox 764 850 853 893; x_wconf 91' lang='lat' dir='ltr'><strong>dies</strong></span> <span class='ocrx_word' id='word_1_66' title='bbox 878 850 1096 894; x_wconf 85' lang='lat' dir='ltr'><strong>hebetarat</strong></span> <span class='ocrx_word' id='word_1_67' title='bbox 1119 852 1277 903; x_wconf 89' lang='lat' dir='ltr'><strong>sidera,</strong></span> <span class='ocrx_word' id='word_1_68' title='bbox 1301 860 1445 895; x_wconf 88' lang='lat' dir='ltr'><strong>natam</strong></span> 
     </span>
     <span class='ocr_line' id='line_1_12' title="bbox 251 905 1301 962; baseline 0.005 -16"><span class='ocrx_word' id='word_1_69' title='bbox 251 919 318 951; x_wconf 83' lang='lat'><strong>445</strong></span> <span class='ocrx_word' id='word_1_70' title='bbox 343 905 441 947; x_wconf 90' lang='lat' dir='ltr'><strong>solis</strong></span> <span class='ocrx_word' id='word_1_71' title='bbox 465 905 519 947; x_wconf 90' lang='lat' dir='ltr'><strong>ab</strong></span> <span class='ocrx_word' id='word_1_72' title='bbox 544 919 695 948; x_wconf 88' lang='lat' dir='ltr'><strong>occasu</strong></span> <span class='ocrx_word' id='word_1_73' title='bbox 720 907 817 948; x_wconf 90' lang='lat' dir='ltr'><strong>solis</strong></span> <span class='ocrx_word' id='word_1_74' title='bbox 841 907 1070 962; x_wconf 89' lang='lat' dir='ltr'><strong>quaerebat</strong></span> <span class='ocrx_word' id='word_1_75' title='bbox 1094 909 1149 950; x_wconf 90' lang='lat' dir='ltr'><strong>ad</strong></span> <span class='ocrx_word' id='word_1_76' title='bbox 1173 916 1301 951; x_wconf 90' lang='lat' dir='ltr'><strong>ortus.</strong></span> 
     </span>
     <span class='ocr_line' id='line_1_13' title="bbox 341 961 1359 1019; baseline 0.005 -16"><span class='ocrx_word' id='word_1_77' title='bbox 341 961 454 1004; x_wconf 90' lang='lat' dir='ltr'><strong>fessa</strong></span> <span class='ocrx_word' id='word_1_78' title='bbox 476 962 620 1004; x_wconf 88' lang='lat' dir='ltr'><strong>labore</strong></span> <span class='ocrx_word' id='word_1_79' title='bbox 645 963 755 1004; x_wconf 90' lang='lat' dir='ltr'><strong>sitim</strong></span> <span class='ocrx_word' id='word_1_80' title='bbox 780 971 1048 1019; x_wconf 88' lang='lat' dir='ltr'><strong>conceperat,</strong></span> <span class='ocrx_word' id='word_1_81' title='bbox 1072 979 1230 1019; x_wconf 89' lang='lat' dir='ltr'><strong>oraque</strong></span> <span class='ocrx_word' id='word_1_82' title='bbox 1253 965 1359 1008; x_wconf 89' lang='lat' dir='ltr'><strong>nulli</strong></span> 
     </span>
     <span class='ocr_line' id='line_1_14' title="bbox 342 1018 1406 1070; baseline 0.005 -11"><span class='ocrx_word' id='word_1_83' title='bbox 342 1018 574 1060; x_wconf 86' lang='lat' dir='ltr'><strong>colluerant</strong></span> <span class='ocrx_word' id='word_1_84' title='bbox 597 1019 753 1070; x_wconf 89' lang='lat' dir='ltr'><strong>fontes,</strong></span> <span class='ocrx_word' id='word_1_85' title='bbox 779 1034 876 1062; x_wconf 91' lang='lat' dir='ltr'><strong>cum</strong></span> <span class='ocrx_word' id='word_1_86' title='bbox 899 1027 1054 1063; x_wconf 91' lang='lat' dir='ltr'><strong>tectam</strong></span> <span class='ocrx_word' id='word_1_87' title='bbox 1077 1021 1276 1065; x_wconf 86' lang='lat' dir='ltr'><strong>stramine</strong></span> <span class='ocrx_word' id='word_1_88' title='bbox 1300 1022 1406 1064; x_wconf 81' lang='lat' dir='ltr'><strong>vidit</strong></span> 
     </span>
     <span class='ocr_line' id='line_1_15' title="bbox 341 1073 1451 1133; baseline 0.005 -17"><span class='ocrx_word' id='word_1_89' title='bbox 341 1073 449 1116; x_wconf 88' lang='lat' dir='ltr'><strong>forte</strong></span> <span class='ocrx_word' id='word_1_90' title='bbox 473 1089 615 1116; x_wconf 89' lang='lat' dir='ltr'><strong>casam</strong></span> <span class='ocrx_word' id='word_1_91' title='bbox 637 1090 873 1131; x_wconf 89' lang='lat' dir='ltr'><strong>parvasque</strong></span> <span class='ocrx_word' id='word_1_92' title='bbox 896 1076 1007 1118; x_wconf 89' lang='lat' dir='ltr'><strong>fores</strong></span> <span class='ocrx_word' id='word_1_93' title='bbox 1031 1077 1228 1133; x_wconf 89' lang='lat' dir='ltr'><strong>pulsavit.</strong></span> <span class='ocrx_word' id='word_1_94' title='bbox 1286 1085 1329 1120; x_wconf 87' lang='lat' dir='ltr'><strong>at</strong></span> <span class='ocrx_word' id='word_1_95' title='bbox 1351 1078 1451 1122; x_wconf 86' lang='lat' dir='ltr'><strong>inde</strong></span> 
     </span>
     <span class='ocr_line' id='line_1_16' title="bbox 341 1130 1509 1190; baseline 0.005 -19"><span class='ocrx_word' id='word_1_96' title='bbox 341 1130 479 1185; x_wconf 87' lang='lat' dir='ltr'><strong>prodit</strong></span> <span class='ocrx_word' id='word_1_97' title='bbox 502 1146 608 1173; x_wconf 88' lang='lat' dir='ltr'><strong>anus</strong></span> <span class='ocrx_word' id='word_1_98' title='bbox 633 1131 857 1187; x_wconf 89' lang='lat' dir='ltr'><strong>divamque</strong></span> <span class='ocrx_word' id='word_1_99' title='bbox 880 1132 994 1174; x_wconf 88' lang='lat' dir='ltr'><strong>videt</strong></span> <span class='ocrx_word' id='word_1_100' title='bbox 1015 1134 1318 1189; x_wconf 84' lang='lat' dir='ltr'><strong>lymphamque</strong></span> <span class='ocrx_word' id='word_1_101' title='bbox 1341 1135 1509 1190; x_wconf 75' lang='lat' dir='ltr'><strong>roganti</strong></span> 
     </span>
     <span class='ocr_line' id='line_1_17' title="bbox 249 1186 1407 1247; baseline 0.003 -17"><span class='ocrx_word' id='word_1_102' title='bbox 249 1199 318 1231; x_wconf 88' lang='lat'><strong>450</strong></span> <span class='ocrx_word' id='word_1_103' title='bbox 343 1186 464 1228; x_wconf 92' lang='lat' dir='ltr'><strong>dulce</strong></span> <span class='ocrx_word' id='word_1_104' title='bbox 489 1187 622 1237; x_wconf 91' lang='lat' dir='ltr'><strong>dedit,</strong></span> <span class='ocrx_word' id='word_1_105' title='bbox 647 1195 758 1230; x_wconf 89' lang='lat' dir='ltr'><strong>tosta</strong></span> <span class='ocrx_word' id='word_1_106' title='bbox 780 1189 895 1243; x_wconf 90' lang='lat' dir='ltr'><strong>quod</strong></span> <span class='ocrx_word' id='word_1_107' title='bbox 918 1196 1079 1232; x_wconf 85' lang='lat' dir='ltr'><strong>texerat</strong></span> <span class='ocrx_word' id='word_1_108' title='bbox 1103 1198 1199 1232; x_wconf 88' lang='lat' dir='ltr'><strong>ante</strong></span> <span class='ocrx_word' id='word_1_109' title='bbox 1223 1191 1407 1247; x_wconf 90' lang='lat' dir='ltr'><strong>polenta.</strong></span> 
     </span>
     <span class='ocr_line' id='line_1_18' title="bbox 341 1242 1702 1305; baseline 0.008 -21"><span class='ocrx_word' id='word_1_110' title='bbox 341 1242 443 1284; x_wconf 87' lang='lat' dir='ltr'><strong>dum</strong></span> <span class='ocrx_word' id='word_1_111' title='bbox 467 1242 573 1285; x_wconf 91' lang='lat' dir='ltr'><strong>bibit</strong></span> <span class='ocrx_word' id='word_1_112' title='bbox 595 1244 667 1286; x_wconf 88' lang='lat' dir='ltr'><strong>illa</strong></span> <span class='ocrx_word' id='word_1_113' title='bbox 691 1245 855 1294; x_wconf 89' lang='lat' dir='ltr'><strong>datum,</strong></span> <span class='ocrx_word' id='word_1_114' title='bbox 881 1245 974 1287; x_wconf 89' lang='lat' dir='ltr'><strong>duri</strong></span> <span class='ocrx_word' id='word_1_115' title='bbox 997 1261 1102 1302; x_wconf 90' lang='lat' dir='ltr'><strong>puer</strong></span> <span class='ocrx_word' id='word_1_116' title='bbox 1125 1247 1208 1288; x_wconf 87' lang='lat' dir='ltr'><strong>oris</strong></span> <span class='ocrx_word' id='word_1_117' title='bbox 1232 1254 1274 1289; x_wconf 93' lang='lat' dir='ltr'><strong>et</strong></span> <span class='ocrx_word' id='word_1_118' title='bbox 1297 1247 1438 1290; x_wconf 86' lang='lat' dir='ltr'><strong>audax</strong></span> <span class='ocrx_word' id='word_1_119' title='bbox 1540 1260 1702 1305; x_wconf 75' lang='lat' dir='ltr'><strong>(stelles.)</strong></span> 
     </span>
     <span class='ocr_line' id='line_1_19' title="bbox 341 1299 1468 1357; baseline 0.006 -18"><span class='ocrx_word' id='word_1_120' title='bbox 341 1299 526 1340; x_wconf 88' lang='lat' dir='ltr'><strong>constitit</strong></span> <span class='ocrx_word' id='word_1_121' title='bbox 549 1306 645 1342; x_wconf 90' lang='lat' dir='ltr'><strong>ante</strong></span> <span class='ocrx_word' id='word_1_122' title='bbox 670 1300 793 1343; x_wconf 90' lang='lat' dir='ltr'><strong>deam</strong></span> <span class='ocrx_word' id='word_1_123' title='bbox 815 1301 990 1356; x_wconf 86' lang='lat' dir='ltr'><strong>risitque</strong></span> <span class='ocrx_word' id='word_1_124' title='bbox 1014 1302 1264 1357; x_wconf 87' lang='lat' dir='ltr'><strong>avidamque</strong></span> <span class='ocrx_word' id='word_1_125' title='bbox 1288 1304 1468 1346; x_wconf 86' lang='lat' dir='ltr'><strong>vocavit.</strong></span> 
     </span>
     <span class='ocr_line' id='line_1_20' title="bbox 339 1354 1491 1415; baseline 0.006 -19"><span class='ocrx_word' id='word_1_126' title='bbox 339 1354 502 1397; x_wconf 87' lang='lat' dir='ltr'><strong>offensa</strong></span> <span class='ocrx_word' id='word_1_127' title='bbox 526 1363 608 1406; x_wconf 90' lang='lat' dir='ltr'><strong>est,</strong></span> <span class='ocrx_word' id='word_1_128' title='bbox 632 1370 770 1410; x_wconf 91' lang='lat' dir='ltr'><strong>neque</strong></span> <span class='ocrx_word' id='word_1_129' title='bbox 795 1357 934 1399; x_wconf 89' lang='lat' dir='ltr'><strong>adhuc</strong></span> <span class='ocrx_word' id='word_1_130' title='bbox 959 1365 1083 1414; x_wconf 90' lang='lat' dir='ltr'><strong>epota</strong></span> <span class='ocrx_word' id='word_1_131' title='bbox 1105 1366 1224 1415; x_wconf 89' lang='lat' dir='ltr'><strong>parte</strong></span> <span class='ocrx_word' id='word_1_132' title='bbox 1247 1360 1491 1415; x_wconf 89' lang='lat' dir='ltr'><strong>loquentem</strong></span> 
     </span>
     <span class='ocr_line' id='line_1_21' title="bbox 339 1411 1310 1470; baseline 0.005 -18"><span class='ocrx_word' id='word_1_133' title='bbox 339 1425 437 1453; x_wconf 93' lang='lat' dir='ltr'><strong>cum</strong></span> <span class='ocrx_word' id='word_1_134' title='bbox 459 1411 618 1465; x_wconf 91' lang='lat' dir='ltr'><strong>liquido</strong></span> <span class='ocrx_word' id='word_1_135' title='bbox 643 1413 774 1455; x_wconf 84' lang='lat' dir='ltr'><strong>mixta</strong></span> <span class='ocrx_word' id='word_1_136' title='bbox 797 1413 984 1469; x_wconf 88' lang='lat' dir='ltr'><strong>perfudit</strong></span> <span class='ocrx_word' id='word_1_137' title='bbox 1007 1415 1105 1457; x_wconf 88' lang='lat' dir='ltr'><strong>diva</strong></span> <span class='ocrx_word' id='word_1_138' title='bbox 1128 1416 1310 1470; x_wconf 90' lang='lat' dir='ltr'><strong>polenta.</strong></span> 
     </span>
     <span class='ocr_line' id='line_1_22' title="bbox 246 1467 1577 1529; baseline 0.002 -17"><span class='ocrx_word' id='word_1_139' title='bbox 246 1479 313 1512; x_wconf 86' lang='lat'><strong>455</strong></span> <span class='ocrx_word' id='word_1_140' title='bbox 340 1467 540 1510; x_wconf 88' lang='lat' dir='ltr'><strong>combibit</strong></span> <span class='ocrx_word' id='word_1_141' title='bbox 563 1483 610 1510; x_wconf 89' lang='lat' dir='ltr'><strong>os</strong></span> <span class='ocrx_word' id='word_1_142' title='bbox 634 1470 840 1520; x_wconf 89' lang='lat' dir='ltr'><strong>maculas,</strong></span> <span class='ocrx_word' id='word_1_143' title='bbox 866 1477 908 1512; x_wconf 88' lang='lat' dir='ltr'><strong>et</strong></span> <span class='ocrx_word' id='word_1_144' title='bbox 931 1485 1040 1525; x_wconf 90' lang='lat' dir='ltr'><strong>quae</strong></span> <span class='ocrx_word' id='word_1_145' title='bbox 1064 1472 1189 1513; x_wconf 90' lang='lat' dir='ltr'><strong>modo</strong></span> <span class='ocrx_word' id='word_1_146' title='bbox 1213 1471 1409 1514; x_wconf 89' lang='lat' dir='ltr'><strong>bracchia</strong></span> <span class='ocrx_word' id='word_1_147' title='bbox 1431 1473 1577 1529; x_wconf 84' lang='lat' dir='ltr'><strong>gessit,</strong></span> 
     </span>
     <span class='ocr_line' id='line_1_23' title="bbox 339 1525 1466 1580; baseline 0.004 -14"><span class='ocrx_word' id='word_1_148' title='bbox 339 1538 463 1566; x_wconf 92' lang='lat' dir='ltr'><strong>crura</strong></span> <span class='ocrx_word' id='word_1_149' title='bbox 485 1525 594 1580; x_wconf 88' lang='lat' dir='ltr'><strong>gerit</strong></span> <span class='ocrx_word' id='word_1_150' title='bbox 601 1541 613 1575; x_wconf 84' lang='lat'><em>3</em></span> <span class='ocrx_word' id='word_1_151' title='bbox 639 1526 774 1567; x_wconf 87' lang='lat' dir='ltr'><strong>cauda</strong></span> <span class='ocrx_word' id='word_1_152' title='bbox 799 1533 862 1568; x_wconf 90' lang='lat' dir='ltr'><strong>est</strong></span> <span class='ocrx_word' id='word_1_153' title='bbox 885 1527 1056 1569; x_wconf 89' lang='lat' dir='ltr'><strong>mutatis</strong></span> <span class='ocrx_word' id='word_1_154' title='bbox 1082 1528 1225 1570; x_wconf 89' lang='lat' dir='ltr'><strong>addita</strong></span> <span class='ocrx_word' id='word_1_155' title='bbox 1249 1528 1446 1571; x_wconf 89' lang='lat' dir='ltr'><strong>membris</strong></span> <span class='ocrx_word' id='word_1_156' title='bbox 1453 1545 1466 1580; x_wconf 84' lang='lat'><em>3</em></span> 
     </span>
     <span class='ocr_line' id='line_1_24' title="bbox 337 1581 1523 1640; baseline 0.005 -18"><span class='ocrx_word' id='word_1_157' title='bbox 337 1581 466 1635; x_wconf 91' lang='lat' dir='ltr'><strong>inque</strong></span> <span class='ocrx_word' id='word_1_158' title='bbox 489 1581 662 1623; x_wconf 89' lang='lat' dir='ltr'><strong>brevem</strong></span> <span class='ocrx_word' id='word_1_159' title='bbox 686 1581 885 1633; x_wconf 85' lang='lat' dir='ltr'><strong>formam,</strong></span> <span class='ocrx_word' id='word_1_160' title='bbox 910 1598 963 1625; x_wconf 92' lang='lat' dir='ltr'><strong>ne</strong></span> <span class='ocrx_word' id='word_1_161' title='bbox 988 1583 1041 1625; x_wconf 91' lang='lat' dir='ltr'><strong>sit</strong></span> <span class='ocrx_word' id='word_1_162' title='bbox 1065 1584 1127 1626; x_wconf 87' lang='lat' dir='ltr'><strong>vis</strong></span> <span class='ocrx_word' id='word_1_163' title='bbox 1152 1599 1308 1640; x_wconf 88' lang='lat' dir='ltr'><strong>magna</strong></span> <span class='ocrx_word' id='word_1_164' title='bbox 1330 1585 1523 1637; x_wconf 87' lang='lat' dir='ltr'><strong>nocendi,</strong></span> 
     </span>
     <span class='ocr_line' id='line_1_25' title="bbox 338 1636 1508 1693; baseline 0.005 -15"><span class='ocrx_word' id='word_1_165' title='bbox 338 1636 610 1687; x_wconf 89' lang='lat' dir='ltr'><strong>contrahitur,</strong></span> <span class='ocrx_word' id='word_1_166' title='bbox 634 1653 849 1693; x_wconf 90' lang='lat' dir='ltr'><strong>parvaque</strong></span> <span class='ocrx_word' id='word_1_167' title='bbox 873 1639 1010 1682; x_wconf 91' lang='lat' dir='ltr'><strong>minor</strong></span> <span class='ocrx_word' id='word_1_168' title='bbox 1033 1655 1231 1682; x_wconf 88' lang='lat' dir='ltr'><strong>mensura</strong></span> <span class='ocrx_word' id='word_1_169' title='bbox 1253 1641 1410 1684; x_wconf 87' lang='lat' dir='ltr'><strong>lacerta</strong></span> <span class='ocrx_word' id='word_1_170' title='bbox 1433 1649 1508 1684; x_wconf 85' lang='lat' dir='ltr'><strong>est.</strong></span> 
     </span>
     <span class='ocr_line' id='line_1_26' title="bbox 337 1693 1552 1754; baseline 0.006 -20"><span class='ocrx_word' id='word_1_171' title='bbox 337 1693 560 1736; x_wconf 91' lang='lat' dir='ltr'><strong>mirantem</strong></span> <span class='ocrx_word' id='word_1_172' title='bbox 582 1695 836 1749; x_wconf 91' lang='lat' dir='ltr'><strong>flentemque</strong></span> <span class='ocrx_word' id='word_1_173' title='bbox 861 1702 903 1737; x_wconf 89' lang='lat' dir='ltr'><strong>et</strong></span> <span class='ocrx_word' id='word_1_174' title='bbox 926 1703 1100 1751; x_wconf 91' lang='lat' dir='ltr'><strong>tangere</strong></span> <span class='ocrx_word' id='word_1_175' title='bbox 1124 1704 1311 1740; x_wconf 87' lang='lat' dir='ltr'><strong>monstra</strong></span> <span class='ocrx_word' id='word_1_176' title='bbox 1333 1706 1552 1754; x_wconf 90' lang='lat' dir='ltr'><strong>parantem</strong></span> 
     </span>
     <span class='ocr_line' id='line_1_27' title="bbox 245 1749 1471 1809; baseline 0.003 -17"><span class='ocrx_word' id='word_1_177' title='bbox 245 1761 313 1794; x_wconf 86' lang='lat'><strong>460</strong></span> <span class='ocrx_word' id='word_1_178' title='bbox 337 1749 448 1805; x_wconf 87' lang='lat' dir='ltr'><strong>fugit</strong></span> <span class='ocrx_word' id='word_1_179' title='bbox 471 1765 601 1792; x_wconf 92' lang='lat' dir='ltr'><strong>anum</strong></span> <span class='ocrx_word' id='word_1_180' title='bbox 624 1751 914 1806; x_wconf 87' lang='lat' dir='ltr'><strong>latebramque</strong></span> <span class='ocrx_word' id='word_1_181' title='bbox 937 1752 1041 1808; x_wconf 88' lang='lat' dir='ltr'><strong>petit</strong></span> <span class='ocrx_word' id='word_1_182' title='bbox 1048 1769 1059 1803; x_wconf 87' lang='lat'><em>3</em></span> <span class='ocrx_word' id='word_1_183' title='bbox 1086 1760 1316 1809; x_wconf 85' lang='lat' dir='ltr'><strong>aptumque</strong></span> <span class='ocrx_word' id='word_1_184' title='bbox 1341 1754 1471 1796; x_wconf 92' lang='lat' dir='ltr'><strong>colori</strong></span> 
     </span>
     <span class='ocr_line' id='line_1_28' title="bbox 337 1806 1394 1866; baseline 0.005 -19"><span class='ocrx_word' id='word_1_185' title='bbox 337 1820 490 1848; x_wconf 91' lang='lat' dir='ltr'><strong>nomen</strong></span> <span class='ocrx_word' id='word_1_186' title='bbox 514 1806 661 1857; x_wconf 90' lang='lat' dir='ltr'><strong>habet,</strong></span> <span class='ocrx_word' id='word_1_187' title='bbox 686 1807 812 1849; x_wconf 87' lang='lat' dir='ltr'><strong>variis</strong></span> <span class='ocrx_word' id='word_1_188' title='bbox 837 1808 1025 1851; x_wconf 88' lang='lat' dir='ltr'><strong>stellatus</strong></span> <span class='ocrx_word' id='word_1_189' title='bbox 1050 1823 1226 1865; x_wconf 89' lang='lat' dir='ltr'><strong>corpora</strong></span> <span class='ocrx_word' id='word_1_190' title='bbox 1248 1810 1394 1866; x_wconf 86' lang='lat' dir='ltr'><strong>guttis.</strong></span> 
     </span>
     <span class='ocr_line' id='line_1_29' title="bbox 395 1861 1663 1920; baseline 0.004 -16"><span class='ocrx_word' id='word_1_191' title='bbox 395 1861 515 1915; x_wconf 81' lang='lat' dir='ltr'><strong>Quas</strong></span> <span class='ocrx_word' id='word_1_192' title='bbox 537 1863 616 1905; x_wconf 91' lang='lat' dir='ltr'><strong>dea</strong></span> <span class='ocrx_word' id='word_1_193' title='bbox 638 1878 714 1920; x_wconf 94' lang='lat' dir='ltr'><strong>per</strong></span> <span class='ocrx_word' id='word_1_194' title='bbox 738 1870 868 1906; x_wconf 88' lang='lat' dir='ltr'><strong>terras</strong></span> <span class='ocrx_word' id='word_1_195' title='bbox 888 1871 930 1907; x_wconf 91' lang='lat' dir='ltr'><strong>et</strong></span> <span class='ocrx_word' id='word_1_196' title='bbox 953 1879 1058 1919; x_wconf 88' lang='lat' dir='ltr'><strong>quas</strong></span> <span class='ocrx_word' id='word_1_197' title='bbox 1077 1866 1278 1908; x_wconf 86' lang='lat' dir='ltr'><strong>erraverit</strong></span> <span class='ocrx_word' id='word_1_198' title='bbox 1297 1866 1447 1917; x_wconf 87' lang='lat' dir='ltr'><strong>undas,</strong></span> <span class='ocrx_word' id='word_1_199' title='bbox 1498 1865 1616 1908; x_wconf 72' lang='lat' dir='ltr'><strong>(Cere-³</strong></span> <span class='ocrx_word' id='word_1_200' title='bbox 1631 1872 1663 1901; x_wconf 83' lang='lat' dir='ltr'><strong>et</strong></span> 
     </span>
    </p>
   </div>
   <div class='ocr_carea' id='block_1_3' title="bbox 1437 645 1468 695">
    <p class='ocr_par' dir='ltr' id='par_1_3' title="bbox 1437 645 1468 695">
     <span class='ocr_line' id='line_1_30' title="bbox 1437 645 1468 695; baseline 0 -10"><span class='ocrx_word' id='word_1_201' title='bbox 1437 645 1468 695; x_wconf 54' lang='grc' dir='ltr'><strong>’μ</strong></span> 
     </span>
    </p>
   </div>
   <div class='ocr_carea' id='block_1_4' title="bbox 337 1911 1773 1975">
    <p class='ocr_par' dir='ltr' id='par_1_4' title="bbox 337 1911 1773 1975">
     <span class='ocr_line' id='line_1_31' title="bbox 337 1911 1773 1975; baseline 0.001 -15"><span class='ocrx_word' id='word_1_202' title='bbox 337 1918 476 1961; x_wconf 91' lang='lat' dir='ltr'><strong>dicere</strong></span> <span class='ocrx_word' id='word_1_203' title='bbox 499 1919 628 1975; x_wconf 90' lang='lat' dir='ltr'><strong>longa</strong></span> <span class='ocrx_word' id='word_1_204' title='bbox 650 1933 768 1962; x_wconf 91' lang='lat' dir='ltr'><strong>mora</strong></span> <span class='ocrx_word' id='word_1_205' title='bbox 792 1927 868 1962; x_wconf 91' lang='lat' dir='ltr'><strong>est.</strong></span> <span class='ocrx_word' id='word_1_206' title='bbox 917 1921 1136 1975; x_wconf 90' lang='lat' dir='ltr'><strong>quaerenti</strong></span> <span class='ocrx_word' id='word_1_207' title='bbox 1161 1922 1295 1964; x_wconf 85' lang='lat' dir='ltr'><strong>defuit</strong></span> <span class='ocrx_word' id='word_1_208' title='bbox 1312 1911 1509 1964; x_wconf 60' lang='lat' dir='ltr'><strong>orbimP&#39;</strong></span> <span class='ocrx_word' id='word_1_209' title='bbox 1511 1922 1587 1946; x_wconf 54' lang='lat'><strong>⁰⁸²?</strong></span> <span class='ocrx_word' id='word_1_210' title='bbox 1586 1911 1700 1956; x_wconf 77' lang='lat' dir='ltr'><strong>pina.)</strong></span> <span class='ocrx_word' id='word_1_211' title='bbox 1768 1971 1773 1974; x_wconf 19' lang='grc' dir='ltr'><strong><em>Δ</em></strong></span> 
     </span>
    </p>
   </div>
   <div class='ocr_carea' id='block_1_5' title="bbox 241 1973 1586 2821">
    <p class='ocr_par' dir='ltr' id='par_1_5' title="bbox 241 1973 1586 2821">
     <span class='ocr_line' id='line_1_32' title="bbox 337 1973 1498 2032; baseline 0.003 -15"><span class='ocrx_word' id='word_1_212' title='bbox 337 1973 550 2018; x_wconf 86' lang='lat' dir='ltr'><strong>Sicaniam</strong></span> <span class='ocrx_word' id='word_1_213' title='bbox 573 1991 618 2018; x_wconf 91' lang='lat' dir='ltr'><strong>re</strong></span> <span class='ocrx_word' id='word_1_214' title='bbox 650 1976 737 2018; x_wconf 86' lang='lat' dir='ltr'><strong>etit.</strong></span> <span class='ocrx_word' id='word_1_215' title='bbox 797 1977 983 2032; x_wconf 91' lang='lat' dir='ltr'><strong>dumque</strong></span> <span class='ocrx_word' id='word_1_216' title='bbox 1007 1978 1148 2020; x_wconf 90' lang='lat' dir='ltr'><strong>omnia</strong></span> <span class='ocrx_word' id='word_1_217' title='bbox 1171 1978 1322 2021; x_wconf 89' lang='lat' dir='ltr'><strong>lustrat</strong></span> <span class='ocrx_word' id='word_1_218' title='bbox 1346 1978 1498 2030; x_wconf 88' lang='lat' dir='ltr'><strong>eundo,</strong></span> 
     </span>
     <span class='ocr_line' id='line_1_33' title="bbox 243 2031 1356 2087; baseline 0.003 -13"><span class='ocrx_word' id='word_1_219' title='bbox 243 2043 311 2075; x_wconf 84' lang='lat'><strong>465</strong></span> <span class='ocrx_word' id='word_1_220' title='bbox 336 2031 450 2074; x_wconf 89' lang='lat' dir='ltr'><strong>venit</strong></span> <span class='ocrx_word' id='word_1_221' title='bbox 474 2038 515 2074; x_wconf 88' lang='lat' dir='ltr'><strong>et</strong></span> <span class='ocrx_word' id='word_1_222' title='bbox 539 2032 594 2074; x_wconf 89' lang='lat' dir='ltr'><strong>ad</strong></span> <span class='ocrx_word' id='word_1_223' title='bbox 657 2047 809 2087; x_wconf 86' lang='lat' dir='ltr'><strong>yanen.</strong></span> <span class='ocrx_word' id='word_1_224' title='bbox 869 2049 919 2075; x_wconf 91' lang='lat' dir='ltr'><strong>ea</strong></span> <span class='ocrx_word' id='word_1_225' title='bbox 942 2033 987 2075; x_wconf 90' lang='lat' dir='ltr'><strong>ni</strong></span> <span class='ocrx_word' id='word_1_226' title='bbox 1010 2041 1171 2076; x_wconf 87' lang='lat' dir='ltr'><strong>mutata</strong></span> <span class='ocrx_word' id='word_1_227' title='bbox 1194 2035 1356 2086; x_wconf 88' lang='lat' dir='ltr'><strong>fuisset,</strong></span> 
     </span>
     <span class='ocr_line' id='line_1_34' title="bbox 336 2088 1409 2146; baseline 0.005 -17"><span class='ocrx_word' id='word_1_228' title='bbox 336 2088 477 2130; x_wconf 91' lang='lat' dir='ltr'><strong>omnia</strong></span> <span class='ocrx_word' id='word_1_229' title='bbox 499 2096 722 2130; x_wconf 88' lang='lat' dir='ltr'><strong>narrasset.</strong></span> <span class='ocrx_word' id='word_1_230' title='bbox 782 2089 856 2131; x_wconf 88' lang='lat' dir='ltr'><strong>sed</strong></span> <span class='ocrx_word' id='word_1_231' title='bbox 881 2096 923 2132; x_wconf 88' lang='lat' dir='ltr'><strong>et</strong></span> <span class='ocrx_word' id='word_1_232' title='bbox 946 2105 993 2132; x_wconf 92' lang='lat' dir='ltr'><strong>os</strong></span> <span class='ocrx_word' id='word_1_233' title='bbox 1018 2098 1059 2132; x_wconf 89' lang='lat' dir='ltr'><strong>et</strong></span> <span class='ocrx_word' id='word_1_234' title='bbox 1081 2091 1229 2146; x_wconf 87' lang='lat' dir='ltr'><strong>lingua</strong></span> <span class='ocrx_word' id='word_1_235' title='bbox 1251 2091 1409 2134; x_wconf 90' lang='lat' dir='ltr'><strong>volenti</strong></span> 
     </span>
     <span class='ocr_line' id='line_1_35' title="bbox 336 2144 1498 2201; baseline 0.005 -16"><span class='ocrx_word' id='word_1_236' title='bbox 336 2144 475 2187; x_wconf 91' lang='lat' dir='ltr'><strong>dicere</strong></span> <span class='ocrx_word' id='word_1_237' title='bbox 498 2159 584 2186; x_wconf 91' lang='lat' dir='ltr'><strong>non</strong></span> <span class='ocrx_word' id='word_1_238' title='bbox 608 2144 801 2195; x_wconf 87' lang='lat' dir='ltr'><strong>aderant,</strong></span> <span class='ocrx_word' id='word_1_239' title='bbox 826 2160 905 2188; x_wconf 92' lang='lat' dir='ltr'><strong>nec</strong></span> <span class='ocrx_word' id='word_1_240' title='bbox 929 2160 1012 2200; x_wconf 92' lang='lat' dir='ltr'><strong>quo</strong></span> <span class='ocrx_word' id='word_1_241' title='bbox 1037 2147 1278 2201; x_wconf 87' lang='lat' dir='ltr'><strong>loqueretur</strong></span> <span class='ocrx_word' id='word_1_242' title='bbox 1300 2147 1498 2191; x_wconf 86' lang='lat' dir='ltr'><strong>habebat.</strong></span> 
     </span>
     <span class='ocr_line' id='line_1_36' title="bbox 335 2200 1466 2260; baseline 0.005 -19"><span class='ocrx_word' id='word_1_243' title='bbox 335 2200 456 2256; x_wconf 86' lang='lat' dir='ltr'><strong>signa</strong></span> <span class='ocrx_word' id='word_1_244' title='bbox 480 2208 620 2243; x_wconf 90' lang='lat' dir='ltr'><strong>tamen</strong></span> <span class='ocrx_word' id='word_1_245' title='bbox 644 2201 868 2244; x_wconf 89' lang='lat' dir='ltr'><strong>manifesta</strong></span> <span class='ocrx_word' id='word_1_246' title='bbox 892 2202 1025 2252; x_wconf 92' lang='lat' dir='ltr'><strong>dedit,</strong></span> <span class='ocrx_word' id='word_1_247' title='bbox 1051 2211 1276 2258; x_wconf 89' lang='lat' dir='ltr'><strong>notamque</strong></span> <span class='ocrx_word' id='word_1_248' title='bbox 1301 2205 1466 2260; x_wconf 87' lang='lat' dir='ltr'><strong>parenti</strong></span> 
     </span>
     <span class='ocr_line' id='line_1_37' title="bbox 334 2256 1295 2315; baseline 0.004 -17"><span class='ocrx_word' id='word_1_249' title='bbox 334 2257 405 2298; x_wconf 93' lang='lat' dir='ltr'><strong>illo</strong></span> <span class='ocrx_word' id='word_1_250' title='bbox 429 2256 536 2299; x_wconf 89' lang='lat' dir='ltr'><strong>forte</strong></span> <span class='ocrx_word' id='word_1_251' title='bbox 559 2258 652 2299; x_wconf 89' lang='lat' dir='ltr'><strong>loco</strong></span> <span class='ocrx_word' id='word_1_252' title='bbox 677 2258 892 2313; x_wconf 88' lang='lat' dir='ltr'><strong>delapsam</strong></span> <span class='ocrx_word' id='word_1_253' title='bbox 916 2259 960 2300; x_wconf 91' lang='lat' dir='ltr'><strong>in</strong></span> <span class='ocrx_word' id='word_1_254' title='bbox 983 2260 1150 2315; x_wconf 85' lang='lat' dir='ltr'><strong>gurgite</strong></span> <span class='ocrx_word' id='word_1_255' title='bbox 1176 2274 1295 2302; x_wconf 88' lang='lat' dir='ltr'><strong>sacro</strong></span> 
     </span>
     <span class='ocr_line' id='line_1_38' title="bbox 241 2312 1437 2369; baseline 0.002 -12"><span class='ocrx_word' id='word_1_256' title='bbox 241 2326 311 2357; x_wconf 83' lang='lat'><strong>470</strong></span> <span class='ocrx_word' id='word_1_257' title='bbox 334 2312 628 2369; x_wconf 91' lang='lat' dir='ltr'><strong>Persephones</strong></span> <span class='ocrx_word' id='word_1_258' title='bbox 652 2328 805 2356; x_wconf 90' lang='lat' dir='ltr'><strong>zonam</strong></span> <span class='ocrx_word' id='word_1_259' title='bbox 830 2315 1003 2357; x_wconf 89' lang='lat' dir='ltr'><strong>summis</strong></span> <span class='ocrx_word' id='word_1_260' title='bbox 1028 2316 1210 2358; x_wconf 87' lang='lat' dir='ltr'><strong>ostendit</strong></span> <span class='ocrx_word' id='word_1_261' title='bbox 1231 2316 1276 2358; x_wconf 94' lang='lat' dir='ltr'><strong>in</strong></span> <span class='ocrx_word' id='word_1_262' title='bbox 1300 2316 1437 2359; x_wconf 88' lang='lat' dir='ltr'><strong>undis.</strong></span> 
     </span>
     <span class='ocr_line' id='line_1_39' title="bbox 334 2370 1586 2430; baseline 0.006 -20"><span class='ocrx_word' id='word_1_263' title='bbox 334 2383 463 2424; x_wconf 92' lang='lat' dir='ltr'><strong>quam</strong></span> <span class='ocrx_word' id='word_1_264' title='bbox 488 2370 613 2411; x_wconf 87' lang='lat' dir='ltr'><strong>simul</strong></span> <span class='ocrx_word' id='word_1_265' title='bbox 638 2371 829 2426; x_wconf 85' lang='lat' dir='ltr'><strong>agnovit,</strong></span> <span class='ocrx_word' id='word_1_266' title='bbox 853 2379 1068 2426; x_wconf 88' lang='lat' dir='ltr'><strong>tamquam</strong></span> <span class='ocrx_word' id='word_1_267' title='bbox 1092 2379 1192 2414; x_wconf 92' lang='lat' dir='ltr'><strong>tunc</strong></span> <span class='ocrx_word' id='word_1_268' title='bbox 1217 2373 1397 2428; x_wconf 88' lang='lat' dir='ltr'><strong>denique</strong></span> <span class='ocrx_word' id='word_1_269' title='bbox 1421 2381 1586 2430; x_wconf 89' lang='lat' dir='ltr'><strong>raptam</strong></span> 
     </span>
     <span class='ocr_line' id='line_1_40' title="bbox 334 2425 1270 2484; baseline 0.002 -16"><span class='ocrx_word' id='word_1_270' title='bbox 334 2425 500 2476; x_wconf 89' lang='lat' dir='ltr'><strong>scisset,</strong></span> <span class='ocrx_word' id='word_1_271' title='bbox 524 2426 739 2468; x_wconf 88' lang='lat' dir='ltr'><strong>inornatos</strong></span> <span class='ocrx_word' id='word_1_272' title='bbox 763 2427 937 2470; x_wconf 89' lang='lat' dir='ltr'><strong>laniavit</strong></span> <span class='ocrx_word' id='word_1_273' title='bbox 961 2428 1059 2470; x_wconf 91' lang='lat' dir='ltr'><strong>diva</strong></span> <span class='ocrx_word' id='word_1_274' title='bbox 1083 2429 1270 2484; x_wconf 85' lang='lat' dir='ltr'><strong>capillos,</strong></span> 
     </span>
     <span class='ocr_line' id='line_1_41' title="bbox 333 2482 1297 2540; baseline 0.003 -16"><span class='ocrx_word' id='word_1_275' title='bbox 333 2489 375 2524; x_wconf 92' lang='lat' dir='ltr'><strong>et</strong></span> <span class='ocrx_word' id='word_1_276' title='bbox 398 2482 577 2538; x_wconf 88' lang='lat' dir='ltr'><strong>repetita</strong></span> <span class='ocrx_word' id='word_1_277' title='bbox 600 2483 685 2526; x_wconf 90' lang='lat' dir='ltr'><strong>suis</strong></span> <span class='ocrx_word' id='word_1_278' title='bbox 711 2483 917 2538; x_wconf 87' lang='lat' dir='ltr'><strong>percussit</strong></span> <span class='ocrx_word' id='word_1_279' title='bbox 940 2491 1111 2539; x_wconf 88' lang='lat' dir='ltr'><strong>pectora</strong></span> <span class='ocrx_word' id='word_1_280' title='bbox 1134 2485 1297 2540; x_wconf 85' lang='lat' dir='ltr'><strong>palmis.</strong></span> 
     </span>
     <span class='ocr_line' id='line_1_42' title="bbox 332 2538 1543 2597; baseline 0.005 -18"><span class='ocrx_word' id='word_1_281' title='bbox 332 2538 467 2580; x_wconf 89' lang='lat' dir='ltr'><strong>nescit</strong></span> <span class='ocrx_word' id='word_1_282' title='bbox 490 2538 647 2589; x_wconf 89' lang='lat' dir='ltr'><strong>adhuc,</strong></span> <span class='ocrx_word' id='word_1_283' title='bbox 671 2539 745 2581; x_wconf 90' lang='lat' dir='ltr'><strong>ubi</strong></span> <span class='ocrx_word' id='word_1_284' title='bbox 769 2539 842 2582; x_wconf 82' lang='lat' dir='ltr'><strong>sit:</strong></span> <span class='ocrx_word' id='word_1_285' title='bbox 867 2547 998 2583; x_wconf 89' lang='lat' dir='ltr'><strong>terras</strong></span> <span class='ocrx_word' id='word_1_286' title='bbox 1022 2547 1163 2583; x_wconf 89' lang='lat' dir='ltr'><strong>tamen</strong></span> <span class='ocrx_word' id='word_1_287' title='bbox 1186 2541 1374 2597; x_wconf 87' lang='lat' dir='ltr'><strong>increpat</strong></span> <span class='ocrx_word' id='word_1_288' title='bbox 1397 2557 1543 2586; x_wconf 89' lang='lat' dir='ltr'><strong>omnes</strong></span> 
     </span>
     <span class='ocr_line' id='line_1_43' title="bbox 242 2594 1438 2654; baseline 0.003 -17"><span class='ocrx_word' id='word_1_289' title='bbox 242 2607 308 2638; x_wconf 86' lang='lat'><strong>475</strong></span> <span class='ocrx_word' id='word_1_290' title='bbox 333 2594 604 2650; x_wconf 87' lang='lat' dir='ltr'><strong>ingratasque</strong></span> <span class='ocrx_word' id='word_1_291' title='bbox 628 2602 751 2638; x_wconf 86' lang='lat' dir='ltr'><strong>vocat</strong></span> <span class='ocrx_word' id='word_1_292' title='bbox 775 2610 853 2639; x_wconf 88' lang='lat' dir='ltr'><strong>nee</strong></span> <span class='ocrx_word' id='word_1_293' title='bbox 876 2596 1050 2652; x_wconf 88' lang='lat' dir='ltr'><strong>frugum</strong></span> <span class='ocrx_word' id='word_1_294' title='bbox 1073 2613 1246 2640; x_wconf 89' lang='lat' dir='ltr'><strong>munere</strong></span> <span class='ocrx_word' id='word_1_295' title='bbox 1270 2598 1438 2654; x_wconf 82' lang='lat' dir='ltr'><strong>dignas:</strong></span> 
     </span>
     <span class='ocr_line' id='line_1_44' title="bbox 333 2650 1407 2710; baseline 0.005 -18"><span class='ocrx_word' id='word_1_296' title='bbox 333 2650 596 2693; x_wconf 86' lang='lat' dir='ltr'><strong>Trinacriam</strong></span> <span class='ocrx_word' id='word_1_297' title='bbox 620 2659 715 2694; x_wconf 90' lang='lat' dir='ltr'><strong>ante</strong></span> <span class='ocrx_word' id='word_1_298' title='bbox 740 2652 861 2703; x_wconf 90' lang='lat' dir='ltr'><strong>alias,</strong></span> <span class='ocrx_word' id='word_1_299' title='bbox 886 2653 929 2695; x_wconf 91' lang='lat' dir='ltr'><strong>in</strong></span> <span class='ocrx_word' id='word_1_300' title='bbox 953 2667 1039 2708; x_wconf 90' lang='lat' dir='ltr'><strong>qua</strong></span> <span class='ocrx_word' id='word_1_301' title='bbox 1061 2654 1239 2710; x_wconf 87' lang='lat' dir='ltr'><strong>vestigia</strong></span> <span class='ocrx_word' id='word_1_302' title='bbox 1263 2655 1407 2698; x_wconf 88' lang='lat' dir='ltr'><strong>damni</strong></span> 
     </span>
     <span class='ocr_line' id='line_1_45' title="bbox 333 2707 1375 2766; baseline 0.005 -18"><span class='ocrx_word' id='word_1_303' title='bbox 333 2707 530 2762; x_wconf 86' lang='lat' dir='ltr'><strong>repperit.</strong></span> <span class='ocrx_word' id='word_1_304' title='bbox 590 2722 690 2763; x_wconf 89' lang='lat' dir='ltr'><strong>ergo</strong></span> <span class='ocrx_word' id='word_1_305' title='bbox 713 2708 799 2750; x_wconf 91' lang='lat' dir='ltr'><strong>illic</strong></span> <span class='ocrx_word' id='word_1_306' title='bbox 822 2724 950 2752; x_wconf 86' lang='lat' dir='ltr'><strong>saeva</strong></span> <span class='ocrx_word' id='word_1_307' title='bbox 973 2710 1179 2752; x_wconf 88' lang='lat' dir='ltr'><strong>vertentia</strong></span> <span class='ocrx_word' id='word_1_308' title='bbox 1200 2710 1375 2766; x_wconf 84' lang='lat' dir='ltr'><strong>glaebas</strong></span> 
     </span>
     <span class='ocr_line' id='line_1_46' title="bbox 333 2763 1347 2821; baseline 0.006 -17"><span class='ocrx_word' id='word_1_309' title='bbox 333 2763 460 2818; x_wconf 86' lang='lat' dir='ltr'><strong>fregit</strong></span> <span class='ocrx_word' id='word_1_310' title='bbox 485 2770 622 2806; x_wconf 86' lang='lat' dir='ltr'><strong>aratra</strong></span> <span class='ocrx_word' id='word_1_311' title='bbox 645 2779 793 2816; x_wconf 88' lang='lat' dir='ltr'><strong>manu,</strong></span> <span class='ocrx_word' id='word_1_312' title='bbox 818 2765 1023 2821; x_wconf 90' lang='lat' dir='ltr'><strong>parilique</strong></span> <span class='ocrx_word' id='word_1_313' title='bbox 1047 2766 1154 2810; x_wconf 91' lang='lat' dir='ltr'><strong>irata</strong></span> <span class='ocrx_word' id='word_1_314' title='bbox 1178 2767 1347 2810; x_wconf 87' lang='lat' dir='ltr'><strong>colonos</strong></span> 
     </span>
    </p>
   </div>
  </div>
 </body>
</html>
