1786 3242
357 241 439 284 160
803 247 846 282 Ρ.
872 246 1038 284 OVIDII
1060 244 1276 284 NASONIS

355 337 397 373 et
422 329 586 395 scripsi,
612 336 653 371 et
677 327 796 383 petii:
822 333 1024 369 temerata
1047 333 1111 369 est
1133 334 1276 369 nostra
1299 327 1506 371 voluntas.

355 393 402 428 ut
424 385 527 427 nihfl
552 384 749 433 adiciam,
773 397 858 425 non
881 397 1054 439 possum
1078 382 1251 425 innoxia
1274 382 1369 426 dici.

355 442 468 496 quod
493 447 701 496 superest,
724 439 904 481 multum
928 445 993 481 est
1013 438 1058 480 in
1082 445 1193 489 vota,
1217 439 1262 480 in
1284 439 1458 482 crimina
1481 452 1672 496 parvum.

260 511 330 543 630
354 498 459 539 dixit
483 504 526 539 et
547 520 605 526 —
627 495 810 538 incertae
833 502 951 537 tanta
974 502 1038 537 est
1062 494 1269 537 discordia
1291 495 1443 538 mentis
1466 518 1524 526 —

353 568 450 596 cum
473 553 616 609 pigeat
638 558 885 608 temptasse,
909 550 1013 594 libet
1035 557 1258 606 temptare:
1283 551 1539 606 modumque

353 609 441 652 exit
465 616 506 652 et
529 608 678 651 infelix
702 608 923 650 committit
947 622 1072 663 saepe
1095 607 1254 663 repelli.

352 680 453 708 mox
476 665 550 707 ubi
573 664 668 706 finis
693 664 831 715 abest,
854 664 1035 720 patriam
1058 663 1169 719 fugit
1191 664 1261 706 ille
1284 662 1488 719 nefasque

351 722 479 776 inque
503 721 726 778 peregrina
748 720 866 776 ponit
889 734 1000 762 nova
1023 719 1189 763 moenia
1213 727 1336 763 terra.

259 791 327 822 635
353 785 442 820 tum
466 792 568 820 vero
591 784 798 819 maestam
821 783 910 819 tota
933 776 1129 819 Miletida
1152 783 1292 819 mente

353 834 556 877 defecisse
581 833 749 884 ferunt,
796 840 888 875 tum
912 847 1012 875 vero
1038 848 1062 874 a
1085 840 1254 888 pectore
1277 838 1439 876 vestem

353 890 524 946 diripuit
548 890 796 946 planxitque
821 903 918 931 suos
943 889 1172 931 furibunda
1195 889 1386 931 lacertos.

351 947 520 1001 iamque
543 946 685 1002 palam
712 953 775 988 est
798 946 970 988 demens
993 945 1365 1000 inconcessamque
1390 945 1547 988 fatetur

353 1018 471 1058 spem
495 1002 695 1052 Veneris,
721 1002 808 1044 sine
832 1016 917 1056 qua
939 1002 1119 1058 patriam
1143 1001 1384 1056 invisosque
1406 1001 1591 1045 Penates

260 1072 329 1104 640
353 1059 506 1102 deserit
531 1066 573 1102 et
595 1058 765 1114 profugi
790 1058 978 1113 sequitur
1001 1058 1180 1114 vestigia
1203 1058 1356 1100 fratris.

352 1123 483 1170 utque
507 1122 580 1157 tuo
605 1121 762 1164 motae,
787 1115 925 1171 proles
951 1114 1177 1163 Semeleia,
1201 1114 1346 1169 thyrso

352 1171 556 1213 Ismariae
581 1171 793 1213 celebrant
816 1171 994 1226 repetita
1017 1171 1195 1213 triennia
1218 1170 1423 1214 bacchae:

352 1227 538 1282 Byblida
561 1242 646 1269 non
670 1227 790 1269 aliter
812 1227 919 1269 latos
942 1227 1127 1269 ululasse
1150 1242 1226 1283 per
1249 1241 1374 1282 agros

352 1283 590 1326 Bubasides
615 1283 756 1325 videre
781 1298 924 1324 nurus.
983 1283 1138 1337 quibus
1161 1284 1233 1325 illa
1256 1283 1409 1326 relictis
1770 1299 1779 1341 τι

261 1354 327 1385 645
354 1339 488 1382 Caras
513 1347 554 1382 et
578 1339 794 1382 armiferos
819 1339 1003 1395 Lelegas
1027 1339 1292 1394 Lyciamque
1315 1346 1516 1395 pererrat.

351 1396 437 1438 iam
462 1394 634 1438 Crao'on
658 1403 700 1438 et
724 1396 927 1450 Limyren
951 1395 1202 1449 Xanthique
1226 1395 1452 1450 reliquerat
1473 1395 1624 1446 undas,

352 1466 521 1506 quoque
547 1431 773 1494 ffihimaera
795 1452 895 1507 iugo
919 1452 1068 1495 mediis
1091 1452 1135 1493 in
1157 1451 1347 1507 partibus
1369 1451 1526 1507 ignem,

350 1515 499 1564 pectus
525 1515 566 1550 et
589 1522 662 1550 ora
686 1509 795 1558 leae,
821 1508 999 1550 caudam
1024 1508 1227 1564 serpentis
1251 1507 1447 1550 habebat.

353 1565 554 1607 deficiunt
577 1564 724 1606 silvae:
751 1579 847 1606 cum
871 1571 918 1606 tu
942 1565 1097 1606 lassata
1121 1564 1335 1618 sequendo

261 1635 328 1666 650
354 1621 537 1663 concidis
562 1627 604 1663 et
627 1620 732 1662 dura
755 1620 901 1676 positis
925 1621 1071 1663 tellure
1096 1621 1271 1676 capillis,

352 1677 499 1732 Bybli,
523 1677 634 1719 iaces
659 1677 912 1731 frondesque
936 1684 1010 1719 tuo
1034 1677 1188 1732 premis
1213 1691 1285 1720 ore
1309 1676 1504 1720 caducas.

353 1748 478 1789 saepe
504 1733 631 1776 etiam
655 1733 866 1789 nymphae
890 1734 1042 1775 teneris
1066 1733 1319 1789 Lelegeides
1343 1733 1454 1776 ulnis

351 1791 497 1832 tollere
522 1796 743 1839 conantur3
770 1804 914 1844 saepe,
939 1796 987 1831 ut
1009 1789 1227 1831 medeatur
1250 1790 1395 1840 amori,

351 1845 614 1901 praecipiunt
638 1846 872 1899 surdaeque
896 1845 1097 1887 adhibent
1119 1845 1274 1888 solacia
1297 1845 1440 1889 menti.

261 1915 325 1946 655
352 1909 469 1944 muta
492 1903 602 1944 iacet
625 1902 863 1956 viridesque
888 1902 973 1943 suis
998 1909 1112 1944 tenet
1135 1902 1349 1958 unguibus
1373 1902 1526 1945 herbas
1752 1945 1754 1953 ,

350 1958 518 2013 Byblis,
544 1966 586 2000 et
609 1965 794 2000 umectat
817 1958 1084 2000 lacrimarum
1106 1959 1299 2014 gramina
1321 1958 1423 2000 rivo.
1760 1974 1783 2011 Α,

350 2014 512 2057 Naidas
536 2014 600 2056 his
624 2029 796 2065 venam,
821 2028 929 2069 quae
953 2029 1186 2069 numquam
1210 2029 1397 2057 arescere
1421 2021 1577 2070 posset,

352 2071 624 2126 supposuisse
648 2070 801 2113 ferunt.
862 2071 964 2125 quid
988 2071 1099 2113 enim
1123 2071 1223 2113 dare
1247 2071 1383 2113 maius
1407 2070 1645 2114 habebant?

351 2127 558 2182 protinus,
583 2133 632 2169 ut
655 2133 769 2169 secto
793 2126 938 2183 piceae
962 2127 1014 2169 de
1039 2127 1191 2170 cortice
1215 2134 1374 2183 guttae,

260 2194 327 2226 660
352 2190 451 2226 utve
475 2191 601 2226 tenax
624 2184 801 2239 gravida
825 2191 968 2225 manat
991 2183 1140 2226 tellure
1163 2183 1366 2234 bitumen,

350 2246 449 2282 utve
474 2240 554 2282 sub
578 2241 762 2282 adventu
787 2240 981 2295 spirantis
1004 2241 1098 2282 lene
1122 2240 1265 2282 favoni

352 2296 438 2338 sole
463 2296 734 2347 remollescit,
760 2310 868 2350 quae
893 2296 1049 2352 frigore
1075 2296 1277 2346 constitit,
1301 2296 1435 2339 unda:

352 2352 411 2394 sic
435 2352 616 2395 lacrimis
643 2359 892 2408 consumpta
917 2353 1001 2394 suis
1025 2352 1243 2395 Phoebeia
1266 2353 1416 2407 Byblis

351 2409 526 2451 vertitur
549 2409 591 2450 in
617 2409 795 2459 fontem,
821 2409 893 2464 qui
916 2423 1028 2451 nunc
1051 2423 1221 2463 quoque
1245 2409 1425 2451 vallibus
1448 2409 1531 2452 illis

260 2477 324 2508 665
350 2480 505 2507 nomen
528 2465 655 2507 habet
680 2466 894 2515 dominae,
919 2466 1123 2521 nigraque
1148 2465 1227 2507 sub
1249 2465 1344 2508 ilice
1368 2473 1524 2508 manat.

407 2521 543 2563 Fama
566 2522 666 2563 novi
690 2529 858 2564 centum
884 2520 1085 2564 Cretaeas
1109 2521 1285 2564 forsitan
1308 2521 1434 2565 urbes
1607 2533 1711 2577 Iphis.
1755 2557 1757 2560 Α
1783 2554 1786 2555 ⁷

349 2578 564 2633 implesset
587 2579 781 2628 monstri,
807 2578 841 2620 si
864 2593 950 2620 non
974 2578 1177 2620 miracula
1200 2593 1334 2634 nuper

348 2634 500 2689 Iphide
523 2641 684 2676 mutata
710 2633 836 2677 Crete
860 2634 1056 2691 propiora
1079 2634 1254 2676 tulisset.

348 2690 541 2745 proxima
566 2689 779 2733 Gnosiaco
803 2707 902 2733 nam
926 2691 1139 2745 quondam
1162 2690 1364 2733 Phaestia
1387 2705 1518 2748 regno

261 2758 324 2790 670
349 2746 573 2802 progenuit
597 2748 719 2790 tellus
743 2748 886 2803 ignoto
911 2747 1080 2790 nomine
1104 2746 1307 2803 Ligdum,

1674 438 1686 458 ‚
1761 442 1763 445 .

1772 716 1786 868 mltum*
1772 687 1774 690 ⁷
1772 562 1786 666 &Tafis-2:
1771 530 1775 535 ”
