1774 3256
324 261 382 304 42
765 270 808 305 Ρ
836 269 1000 306 ovmn
1023 267 1239 306 NAsoms
1306 246 1308 248 ’

237 364 304 398 130
327 366 424 395 cum
448 351 590 407 posuit
612 351 769 393 iussam
793 350 1004 392 Phoebe'is
1028 350 1209 392 sortibus
1234 350 1395 393 urbem.

384 408 478 449 Iam
502 407 672 449 stabant
694 406 882 449 Thebae.
941 413 1108 462 poteras
1131 407 1235 456 iam,
1261 405 1437 457 Cadme,
1460 405 1595 450 videri

328 464 453 507 exilio
476 463 591 505 felix.
650 463 783 505 soceri
807 462 884 504 tibi
907 462 1112 517 Marsque
1135 462 1368 518 Venusque

328 519 608 575 contigerant·
633 519 717 562 huc
742 519 850 562 adde
874 534 1007 575 genus
1032 519 1085 561 de
1109 519 1289 575 coniuge
1312 525 1444 571 tanta,

327 583 390 618 tot
410 583 532 618 natos
555 583 760 630 natasque
784 583 845 626 et,
869 576 1045 631 pignera
1069 590 1184 626 cara,
1208 583 1395 632 nepotes,

237 646 304 677 135
328 632 405 674 hos
429 646 598 687 quoque
621 633 706 674 iam
730 633 916 674 iuvenes.
975 631 1050 674 sed
1074 632 1232 675 scilicet
1254 632 1403 674 ultima
1426 646 1592 689 semper

328 689 591 744 expectanda
614 688 703 731 dies
727 688 904 738 homini,
929 688 1095 743 dicique
1119 688 1268 731 beatus

329 754 425 788 ante
450 745 611 787 obitum
634 759 758 787 nemo
782 758 1063 801 supremaque
1086 744 1237 787 funera
1260 745 1397 788 debet.

386 801 534 844 Prima
545 816 676 857 nepos
689 802 798 844 inter
816 809 876 843 tot
893 816 961 844 res
980 801 1070 850 tibi,
1091 800 1267 852 Cadme,
1286 801 1493 862 secundas
1530 811 1695 848 Actaeon.
1743 812 1745 815 '

330 873 458 901 causa
481 858 562 900 fuit
585 858 743 908 luctus,
768 858 988 923 alienaque
1012 872 1169 900 cornua
1190 858 1320 899 fronti

206 912 212 921 ’
239 928 307 961 140
328 915 491 965 addita,
516 928 677 969 vosque
702 929 826 957 canes
850 914 1025 956 satiatae
1049 914 1254 970 sanguine
1279 914 1381 956 erili.

330 979 374 1014 at
396 971 504 1014 bene
529 971 564 1012 si
587 984 785 1025 quaeras,
809 970 1024 1012 Fortunae
1049 971 1206 1012 crimen
1229 971 1273 1012 in
1296 970 1382 1020 illo,

329 1042 416 1070 non
440 1028 575 1070 scelus
599 1027 805 1069 invenies:
831 1027 945 1081 quod
968 1027 1080 1069 enim
1104 1027 1240 1069 scelus
1265 1040 1380 1069 error
1401 1025 1610 1070 habebat?

332 1099 452 1126 mons
476 1091 564 1126 erat
588 1083 767 1126 infectus
791 1083 1002 1125 variarum
1026 1083 1155 1125 caede
1178 1082 1376 1132 ferarum,

330 1141 498 1194 iamque
523 1139 612 1182 dies
634 1139 798 1182 medius
821 1154 961 1181 rerum
985 1146 1248 1181 contraxerat
1269 1138 1454 1190 umbras,

242 1209 306 1241 145
331 1204 373 1239 et
397 1196 459 1239 sol
483 1211 536 1238 ex
560 1210 695 1250 aequo
719 1203 831 1238 meta
854 1195 1037 1237 distabat
1059 1203 1256 1250 utraque:

331 1269 429 1296 cum
452 1252 615 1295 iuvenis
638 1252 802 1307 placido
826 1267 901 1307 per
925 1252 1048 1294 devia
1070 1252 1202 1293 lustra
1225 1258 1428 1307 vagantes

330 1309 555 1375 participes
579 1324 755 1364 operum
768 1308 1002 1374 compellat
1025 1308 1240 1363 Hyantius
1264 1322 1353 1351 ore:

332 1365 435 1407 ‘lina
458 1365 647 1415 madent,
672 1364 863 1414 comites,
889 1365 1132 1419 ferrumque
1157 1378 1303 1407 cruore
1326 1364 1524 1416 ferarum,

331 1422 629 1476 fortunamque
653 1421 742 1463 dies
766 1421 915 1463 habuit
938 1420 1051 1463 satis.
1110 1421 1241 1463 altera
1262 1421 1401 1463 lucem

243 1491 309 1523 150
333 1493 430 1521 cum
455 1478 611 1520 croceis
635 1478 802 1520 invecta
824 1477 925 1519 rotis
950 1477 1120 1519 Aurora
1142 1477 1327 1527 reducet,

330 1534 592 1600 propositum
617 1542 854 1589 repetemus
878 1548 997 1589 opus.
1056 1548 1168 1576 nunc
1191 1508 1392 1576 Phoebus
1414 1540 1595 1589 utraque

332 1591 460 1633 distat
481 1590 594 1633 idem
618 1598 728 1632 terra
751 1590 954 1644 finditque
978 1590 1204 1646 vaporibus
1229 1605 1343 1632 arva.

333 1647 464 1689 sistite
489 1661 594 1702 opus
618 1661 815 1702 praesens
838 1647 1082 1700 nodosaque
1106 1647 1236 1688 tollite
1259 1645 1372 1688 lina.'

331 1704 447 1745 iussa
469 1703 548 1745 viri
571 1703 732 1744 faciunt
754 1703 1114 1757 intermittuntque
1137 1702 1338 1745 laborem.

244 1773 307 1804 155
332 1759 453 1802 vallis
478 1766 567 1801 erat
590 1759 718 1814 piceis
743 1766 784 1801 et
808 1766 931 1800 acuta
956 1759 1086 1800 densa
1110 1773 1325 1814 cupressu,

331 1815 502 1858 nomine
527 1814 791 1871 Gargaphie,
817 1815 1052 1857 succinctae
1077 1829 1196 1857 sacra
1217 1814 1397 1866 Dianae,

333 1872 453 1914 cuius
476 1872 520 1913 in
544 1879 730 1914 extremo
755 1879 818 1913 est
840 1878 1005 1913 antrum
1029 1871 1241 1913 nemorale
1263 1886 1446 1922 recessU,

333 1936 421 1970 arte
444 1928 681 1970 laboratum
704 1928 837 1969 nulla:
863 1928 1132 1970 simulaverat
1156 1936 1288 1969 artem

331 1984 501 2040 ingenio
525 1992 676 2025 natura
700 1998 796 2034 suo;
819 1999 918 2025 nam
942 1984 1109 2039 pumice
1132 1983 1230 2026 vivo

243 2054 309 2086 160
333 2047 374 2083 et
397 2040 560 2083 levibus
585 2040 678 2082 tofis
704 2040 894 2082 nativum
918 2040 1096 2082 duxerat
1119 2054 1275 2082 arcum.

332 2097 427 2139 fons
453 2104 574 2138 sonat
597 2112 623 2138 a
646 2097 812 2146 dextra,
838 2096 954 2147 tenui
977 2096 1217 2151 perlucidus
1240 2096 1368 2147 unda,

331 2153 522 2208 margine
545 2153 761 2208 gramineo
785 2153 950 2208 patulos
974 2153 1180 2195 incinctus
1203 2152 1354 2195 hiatus.

332 2209 402 2251 hic
425 2209 504 2251 dea
528 2210 727 2251 silvarum
751 2216 907 2251 venatu
930 2209 1043 2251 fessa
1067 2209 1227 2251 solebat

332 2265 543 2321 virgineos
568 2272 682 2307 artus
706 2265 864 2319 liquido
888 2265 1140 2321 perfundere
1165 2280 1271 2308 rore.

243 2336 308 2367 165
333 2336 416 2376 quo
424 2329 665 2388 postquam
689 2322 835 2372 subiit,
859 2322 1141 2377 nympharum
1164 2320 1334 2364 tradidit
1355 2320 1430 2363 uni

332 2378 564 2433 armigerae
588 2378 774 2420 iaculum
796 2353 1119 2433 pharetramque
1144 2392 1348 2432 arcusque
1371 2383 1575 2429 retentos,

331 2435 463 2476 altera
487 2434 700 2490 depositae
725 2434 901 2476 subiecit
923 2434 1119 2476 bracchia
1141 2434 1297 2490 pallae3

331 2490 470 2532 vincla
493 2490 601 2532 duae
625 2490 803 2545 pedibus
827 2491 1013 2533 demunt.
1071 2505 1169 2532 nam
1193 2490 1353 2532 doctior
1375 2489 1456 2532 illis

330 2546 509 2589 Ismenis
536 2545 713 2589 Crocale
736 2561 902 2602 sparsos
926 2562 1001 2613 per
1024 2547 1130 2589 colla
1155 2547 1326 2602 capillos

242 2615 308 2647 170
332 2602 524 2658 colligit
512 2618 556 2644 m
580 2604 757 2653 nodum,
783 2604 975 2657 quamvis
1000 2611 1088 2645 erat
1111 2603 1204 2658 ipsa
1228 2602 1386 2645 solutis.

331 2659 544 2714 excipiunt
567 2659 732 2700 laticem
756 2659 1030 2714 Nepheleque
1054 2660 1278 2715 Hyaleque
1301 2658 1546 2714 Rhanisque

331 2722 373 2756 et
395 2714 553 2757 Psecas
579 2723 620 2756 et
642 2715 812 2764 Phiale,
836 2715 1103 2769 funduntque
1128 2715 1353 2771 capacibus
1376 2715 1505 2757 urnis.

330 2771 514 2826 dumque
538 2771 597 2813 ibi
620 2771 823 2827 perluitur
847 2772 968 2814 solita
991 2772 1159 2814 Titania
1181 2771 1368 2828 lympha,
