1786 3242
374 266 455 309 198
814 272 857 308 P.
883 272 1049 309 ovum
1071 270 1287 309 NASONIS
1334 250 1338 253 ”

367 355 456 397 Ilus
481 362 522 398 et
545 354 782 396 Assaracus
806 360 1034 408 raptusque
1058 352 1151 394 Iovi
1176 350 1449 407 Ganymedes

369 411 703 464 Laomedonque
728 424 857 452 senex
879 408 1160 462 Priamusque
1183 408 1410 451 novissima
1433 408 1588 453 Troiae

368 474 559 522 tempora
583 465 766 508 sortitus.
825 465 955 507 frater
977 464 1058 506 fuit
1081 464 1279 507 Hectoris
1302 464 1400 507 iste:

368 523 441 577 qui
463 522 544 564 nisi
568 522 765 564 sensisset
789 521 925 576 prima
948 535 1059 563 nova
1082 520 1171 563 fata
1192 520 1377 570 iuventa,

279 592 344 624 760
368 579 544 620 forsitan
566 578 741 620 inferius
765 591 849 619 non
872 578 1058 619 Hectore
1081 591 1235 619 nomen
1258 576 1451 627 haberet3

361 634 560 690 quamvis
586 642 649 677 est
671 634 790 676 illum
814 634 952 689 proles
977 632 1102 675 enixa
1124 632 1364 688 Dymantis,

367 692 566 734 Aesacon
589 690 789 732 umbrosa
812 689 958 731 furtim
981 689 1192 745 peperisse
1218 689 1296 731 sub
1320 688 1400 731 Ida

368 747 501 789 fertur
524 745 754 790 Alexirhoe
779 744 965 789 Granico
989 752 1089 787 nata
1113 745 1285 787 bicorni.

369 803 515 846 oderat
538 803 606 846 hic
629 803 755 846 urbes
778 802 994 856 nitidaque
1018 808 1201 844 remotus
1227 801 1280 844 ab
1304 801 1402 844 aula

281 873 345 906 765
370 867 551 902 secretos
577 866 739 901 montes
764 866 805 901 et
828 858 1095 900 inambitiosa
1119 857 1283 900 colebat

369 931 485 966 rura,
509 930 587 959 nec
610 916 763 957 Iliacos
788 922 932 957 coetus
956 914 1037 956 nisi
1060 929 1179 956 rarus
1205 914 1359 956 adibat.

368 987 454 1014 non
477 979 642 1028 agreste
667 979 808 1014 tamen
831 985 909 1014 nec
932 970 1260 1026 inexpugnabile
1284 970 1435 1012 Amori

369 1036 518 1084 pectus
542 1028 721 1078 habens,
747 1028 873 1070 silvas
898 1035 1106 1083 captatam
1133 1042 1259 1082 saepe
1282 1041 1358 1082 per
1381 1040 1526 1069 omnes

370 1085 521 1140 aspicit
544 1084 781 1140 Hesperien
805 1083 941 1139 patria
966 1081 1205 1126 Cebrenida
1228 1083 1333 1138 ripa,

281 1156 346 1186 770
369 1141 543 1183 iniectos
567 1141 722 1183 umeris
747 1140 973 1182 siccantem
996 1140 1081 1181 sole
1106 1139 1291 1195 capillos.

369 1197 460 1239 visa
483 1196 593 1252 fugit
615 1196 820 1252 nymphe,
844 1196 974 1238 veluti
997 1196 1216 1251 perterrita
1238 1195 1403 1238 fulvum

369 1268 493 1295 cerva
515 1253 916 1308 lupum,'longeque
939 1252 1035 1294 lacu
1059 1252 1265 1308 deprensa
1287 1252 1432 1294 relicto

371 1309 610 1364 accipitrem
634 1308 814 1350 fluvialis
838 1323 953 1350 anas.
1013 1322 1140 1363 quam
1163 1308 1317 1350 Troius
1340 1307 1463 1350 heros

370 1365 603 1420 insequitur
626 1365 888 1418 celeremque
912 1371 1027 1406 metu
1052 1365 1161 1406 celer
1183 1372 1308 1420 urget
1331 1379 1487 1407 amore.

282 1435 345 1466 775
372 1436 469 1464 ecce
492 1422 625 1463 latens
651 1421 782 1463 herba
806 1420 978 1462 coluber
1001 1420 1201 1476 fugientis
1226 1421 1390 1462 adunco

371 1478 495 1520 dente
520 1478 671 1532 pedem
695 1477 860 1518 strinxit
883 1477 1082 1530 virusque
1106 1477 1150 1518 in
1174 1490 1346 1532 corpore
1368 1476 1504 1532 liquit.

371 1548 468 1576 cum
492 1534 579 1575 vita
603 1548 829 1589 suppressa
851 1533 956 1588 fuga
980 1540 1055 1575 est.
1115 1532 1383 1588 amplectitur
1405 1547 1551 1575 amens

371 1590 607 1632 exanimem
633 1591 868 1644 clamatque
894 1589 1062 1644 “piget,
1086 1589 1203 1645 piget
1227 1603 1319 1631 esse
1343 1596 1555 1631 secutum:

372 1647 446 1688 sed
470 1661 555 1688 non
578 1646 658 1688 hoc
684 1646 823 1696 timui,
847 1659 926 1687 nec
951 1654 1039 1688 erat
1062 1645 1166 1687 mihi
1189 1645 1357 1688 vincere
1380 1645 1498 1687 tanti.
1537 1662 1539 1664 ’

282 1716 346 1748 780
370 1703 627 1758 perdidimus
652 1702 847 1745 miseram
871 1716 947 1743 nos
971 1710 1012 1744 te
1036 1702 1138 1744 duo:
1164 1702 1316 1744 vulnus
1341 1701 1396 1743 ab
1419 1716 1572 1757 angue,

372 1775 397 1801 a
419 1774 487 1802 me
512 1774 639 1801 causa
664 1759 761 1800 data
785 1766 860 1800 est.
919 1773 999 1813 ego
1024 1773 1117 1800 sum
1141 1758 1380 1801 sceleratior
1402 1757 1493 1800 illo:

371 1816 445 1869 qui
468 1815 544 1857 tibi
567 1822 700 1857 morte
723 1829 818 1857 mea
842 1814 986 1856 mortis
1011 1814 1165 1856 solacia
1188 1813 1392 1860 mittam.''

371 1871 476 1913 dixit
499 1878 540 1913 et
564 1886 587 1913 e
612 1871 803 1926 scopulo,
829 1885 954 1925 quem
978 1885 1106 1912 rauca
1129 1870 1354 1913 subederat
1377 1870 1504 1920 unda,

372 1943 416 1970 se
441 1927 556 1970 dedit
577 1927 621 1969 in
645 1934 832 1982 pontum.
892 1926 1053 1982 Tethys
1077 1927 1274 1969 miserata
1297 1925 1516 1968 cadentem

284 1997 346 2029 785
372 1984 550 2026 molliter
574 1983 739 2038 excepit
762 1992 1016 2037 nantemque
1041 1998 1115 2038 per
1139 1997 1321 2037 aequora
1345 1982 1494 2048 pennis

371 2040 474 2082 texit
482 2056 493 2089 3
519 2048 560 2082 et
583 2047 751 2095 optatae
775 2054 860 2082 non
885 2046 947 2082 est
971 2039 1069 2081 data
1093 2039 1214 2095 copia
1236 2046 1395 2081 mortls.

370 2096 615 2152 indignatur
638 2111 804 2146 amans,
828 2095 1007 2137 invitum
1031 2095 1173 2138 vivere
1197 2095 1306 2151 cogi,

371 2153 611 2206 obstarique
635 2152 799 2194 animae
822 2151 975 2194 misera
999 2152 1051 2194 de
1075 2151 1174 2194 sede
1198 2151 1355 2194 volenti

371 2209 497 2251 exire.
556 2216 686 2263 utque
710 2223 840 2250 novas
864 2207 1018 2250 umeris
1043 2214 1326 2264 assumpserat
1349 2208 1451 2258 alas,

282 2277 347 2309 790
372 2265 566 2307 subvolat
590 2273 715 2319 atque
738 2265 891 2307 iterum
915 2279 1066 2320 corpus
1091 2279 1217 2320 super
1240 2278 1424 2319 aequora
1445 2263 1585 2306 mittit.

371 2322 515 2377 pluma
536 2322 649 2364 levat
674 2335 808 2363 casus.
867 2320 969 2362 furit
991 2321 1181 2363 Aesacos
1204 2321 1331 2375 inque
1355 2319 1614 2375 profundum

370 2393 528 2433 pronus
553 2377 641 2419 abit
663 2377 819 2431 letique
843 2377 955 2419 viam
980 2377 1069 2419 sine
1092 2377 1176 2419 fine
1199 2383 1436 2432 retemptat.

370 2434 471 2476 fecit
494 2447 611 2476 amor
633 2433 830 2475 maciem:
858 2434 986 2488 longa
1008 2433 1243 2475 internodia
1266 2447 1449 2482 crurum,

371 2490 500 2545 longa
523 2497 665 2532 manet
690 2490 851 2539 cervix3
878 2496 1005 2545 caput
1029 2496 1092 2532 est
1116 2505 1141 2531 a
1164 2503 1336 2545 corpore
1359 2489 1498 2544 longe.

283 2558 346 2589 795
372 2561 529 2602 aequor
553 2553 684 2597 amat,
709 2560 946 2601 nomenque
971 2553 1101 2600 tenet,
1126 2546 1226 2601 quia
1249 2545 1452 2601 mergitur
1474 2544 1572 2587 illo.'
