1786 3242
278 594 344 626 585

279 875 347 907 590

282 1154 347 1186 595

283 1434 350 1465 600

285 1714 350 1746 605

285 1994 351 2025 610

284 2273 349 2303 615

283 2554 349 2585 620

367 267 451 310 268
812 273 855 308 Ρ.
882 271 1047 309 OVIDII
1070 270 1287 308 NASONIS

369 356 489 406 ‘rex,’
515 356 573 398 ait
596 359 640 396 ‘o
666 352 799 396 salve}
837 352 914 395 tibi
938 352 1063 401 enim,
1086 351 1182 401 tibi,
1208 350 1336 407 Cipe,
1359 352 1528 407 tuisque

368 413 437 455 hic
458 413 576 454 locus
600 417 642 453 et
665 408 815 452 Latiae
838 408 1047 464 parebunt
1070 407 1266 450 cornibus
1290 422 1419 451 arces.

368 477 414 511 tu
437 467 563 510 modo
586 481 734 522 rumpe
758 479 897 507 moras
920 471 1146 520 portasque
1170 463 1324 507 intrare
1347 466 1539 520 patentes

369 538 613 580 appropera.
674 522 733 564 sic
755 521 843 563 fata
865 521 1023 563 iubent.
1082 534 1264 575 namque
1287 520 1391 563 urbe
1412 528 1611 578 receptus

368 596 443 623 rex
467 579 547 622 eris
572 586 613 621 et
636 593 705 621 sce
736 584 800 619 tro
824 585 941 619 tutus
963 576 1124 632 potiere
1147 576 1347 632 perenni.’

369 635 527 679 rettulit
548 635 618 677 ille
641 592 812 690 peti’em,
836 641 1082 687 torvamque
1107 647 1132 674 a
1155 632 1374 675 moenibus
1398 632 1516 676 urbis

370 699 561 735 avertens
584 690 738 733 faciem
761 689 944 746 ‘procul,
969 688 1011 731 a!
1035 688 1183 744 procul
1207 688 1365 731 omina’
1390 689 1496 732 dixit

371 749 489 791 ‘talia
513 748 554 789 di
578 747 754 803 pellant3
777 746 994 799 multoque
1019 759 1098 800 ego
1122 744 1270 786 iustius
1294 759 1446 788 aevum

371 805 469 848 exul
492 819 636 860 agam,
660 817 787 858 quam
812 817 878 844 me
902 801 1073 844 videant
1097 799 1308 856 Capitolia
1330 801 1501 857 regem?

372 861 477 903 dixit
499 868 541 903 et
564 859 773 914 extemplo
796 858 1084 914 populumque
1107 870 1364 912 gravemque
1389 864 1580 902 senatum

372 923 586 959 convocat.
647 923 743 957 ante
767 922 908 956 tamen
931 914 1067 970 pacali
1092 927 1248 956 cornua
1270 913 1389 956 lauro

371 973 483 1015 velat
507 979 549 1015 et
572 971 797 1027 aggeribus
821 970 942 1012 factis
967 985 992 1012 a
1015 970 1145 1012 milite
1167 969 1266 1011 forti

370 1028 523 1071 insistit
546 1027 767 1084 priscoque
791 1026 892 1069 deos
917 1041 940 1069 e
963 1040 1079 1068 more
1102 1034 1297 1081 precatus

373 1085 472 1127 ‘est’
498 1084 556 1126 ait
580 1083 666 1126 ‘hic
690 1098 818 1132 unus,
842 1097 969 1137 quem
993 1096 1068 1124 vos
1091 1082 1135 1124 ni
1158 1082 1311 1137 pellitis
1334 1081 1452 1132 urbe,

372 1156 447 1184 rex
470 1140 559 1183 erit.
616 1139 653 1182 is
677 1139 749 1194 qui
773 1139 844 1189 sit,
870 1139 1004 1195 signo,
1028 1153 1113 1180 non
1136 1138 1304 1180 nomine
1328 1138 1486 1181 dicam:

373 1211 528 1239 cornua
551 1196 690 1238 fronte
712 1196 833 1251 gerit.
892 1209 1019 1249 quem
1042 1195 1162 1236 vobis
1185 1194 1342 1236 indicat
1365 1209 1515 1251 augur,

373 1253 408 1295 si
431 1253 612 1294 Romam
634 1251 814 1301 intrarit,
839 1251 1061 1293 famularia
1083 1250 1175 1292 iura
1199 1250 1408 1293 daturum.

372 1309 441 1350 ille
466 1305 635 1362 quidem
659 1307 795 1362 potuit
817 1315 960 1362 portas
983 1307 1213 1362 irrumpere
1237 1314 1420 1373 apertas:

375 1364 450 1407 sed
472 1378 549 1406 nos
574 1363 823 1413 obstitimus,
848 1362 1041 1417 quamvis
1066 1363 1325 1405 coniunctior
1347 1362 1418 1405 illo

372 1434 497 1463 nemo
520 1419 623 1462 mihi
647 1426 721 1462 est.
780 1434 855 1461 vos
879 1419 984 1461 urbe
1008 1419 1143 1460 virum
1163 1418 1399 1484 prohibete,
1423 1417 1627 1473 Quirites,

373 1477 459 1526 vel,
486 1476 519 1518 si
544 1476 696 1531 dignus
721 1475 816 1528 erit,
840 1475 1041 1531 gravibus
1065 1475 1219 1517 vincite
1243 1474 1420 1518 catenis:

375 1540 448 1575 aut
470 1532 585 1574 finite
608 1539 768 1574 metum
791 1530 929 1573 fatalis
954 1539 1087 1573 morte
1110 1530 1304 1585 tyranni?

374 1588 515 1643 qualia
539 1588 780 1637 succinctis,
804 1587 878 1629 ubi
901 1595 998 1629 trux
1021 1587 1207 1629 insibilat
1230 1602 1369 1637 eurus,

375 1659 591 1687 murmura
614 1644 764 1699 pinetis
788 1643 912 1694 fiunt,
937 1651 1010 1685 aut
1034 1643 1174 1698 qualia
1197 1643 1349 1685 fluctus

377 1701 572 1755 aequorei
595 1700 775 1749 faciunt,
800 1700 835 1742 si
858 1700 952 1754 quis
975 1700 1120 1755 procul
1145 1699 1287 1742 audiat
1309 1699 1420 1742 illos:

374 1757 458 1799 tale
483 1764 602 1798 sonat
625 1757 819 1812 populus.
877 1756 952 1798 sed
974 1770 1050 1811 per
1073 1756 1249 1798 confusa
1272 1754 1488 1798 frementis
1532 1757 1539 1763 '

376 1813 505 1855 verba
527 1820 668 1854 tamen
691 1812 809 1867 vulgi
832 1825 915 1853 vox
939 1811 1095 1854 eminet
1117 1826 1221 1854 una:
1247 1811 1360 1866 ‘quis
1382 1811 1452 1854 ille
1477 1810 1583 1854 estP'

375 1876 417 1910 et
440 1876 631 1924 spectant
653 1867 812 1910 frontes
835 1867 1133 1923 praedictaque
1158 1882 1316 1910 cornua
1338 1874 1557 1922 quaerunt.

374 1939 518 1966 rursus
543 1924 596 1965 ad
620 1924 695 1965 hos
722 1922 855 1979 Cipus
880 1928 1026 1978 ‘quem
1049 1923 1246 1979 poscitis,'
1269 1923 1407 1978 inquit
1430 1923 1636 1966 ‘habetisz

376 1988 415 2022 et
441 1981 610 2035 dempta
635 1979 778 2035 capiti,
802 1980 959 2035 populo
983 1979 1250 2035 prohibente,
1275 1994 1429 2022 corona

376 2036 565 2078 exhibuit
588 2036 755 2091 gemino
777 2036 1015 2091 praesignia
1038 2043 1228 2091 tempora
1251 2050 1394 2078 cornu.

377 2092 579 2134 demisere
604 2093 746 2134 oculos
772 2106 916 2134 omnes
940 2091 1227 2147 gemitumque
1251 2092 1404 2134 dedere

377 2156 502 2202 atque
526 2148 631 2189 illud
654 2148 811 2190 meritis
836 2148 995 2189 clarum
1018 2171 1075 2178 —
1098 2148 1192 2202 quis
1216 2147 1385 2191 credere
1407 2147 1563 2203 possit?
1585 2171 1644 2180 -

374 2204 495 2245 inviti
519 2204 661 2246 videre
686 2219 734 2246 ca
766 2212 831 2245 ut:
856 2218 935 2246 nec
958 2203 1115 2246 honore
1140 2218 1282 2246 carere

374 2260 548 2302 ulterius
571 2260 704 2315 passi,
748 2267 880 2302 estam
904 2260 1142 2315 imposuere
1166 2274 1375 2302 coronam.

376 2323 419 2358 at
442 2330 656 2372 proceres,
681 2316 880 2370 quoniam
906 2330 1048 2358 muros
1071 2316 1225 2358 intrare
1249 2316 1415 2365 vetaris,

374 2372 482 2414 ruris
506 2372 698 2414 honorati
721 2379 884 2414 tantum
909 2372 1003 2420 tibi,
1030 2370 1157 2427 Cipe,
1182 2372 1348 2422 dedere,

376 2435 580 2483 quantum
606 2428 803 2484 depresso
829 2428 1026 2470 subiectis
1050 2428 1186 2470 bobus
1211 2436 1348 2470 aratro

376 2484 597 2540 complecti
620 2498 765 2540 posses
790 2484 844 2526 ad
870 2484 993 2526 finem
1015 2484 1121 2526 lucis
1146 2485 1200 2526 ab
1224 2492 1331 2526 ortu.

374 2554 613 2594 cornuaque
637 2541 787 2583 aeratis
810 2540 959 2582 miram
982 2540 1205 2582 referentia
1227 2540 1406 2583 formam

372 2596 561 2652 postibus
586 2596 845 2652 insculpunt,
870 2596 1043 2652 longum
1067 2610 1265 2638 mansura
1287 2611 1363 2652 per
1386 2610 1551 2639 aevum.
1782 2639 1785 2643 ,

430 2652 611 2694 Pandite
630 2667 755 2702 nunc,
774 2652 941 2702 Musae,
967 2651 1203 2707 praesentia
1220 2652 1394 2695 numina
1412 2659 1557 2696 vatum
1601 2652 1734 2704 Ae⁸52²‘·

374 2707 506 2761 (scitis
533 2708 664 2758 enim,
687 2722 766 2751 nec
790 2723 865 2750 vos
888 2707 996 2750 fallit
1020 2723 1039 2749 s
1071 2707 1202 2750 atiosa
1225 2709 1444 2764 vetustas),
1604 2698 1733 2742 ΜΡΝ·

375 2764 486 2807 unde
513 2762 753 2807 Coroniden
778 2764 1022 2807 circumflua
1085 2764 1272 2821 hybridis
1296 2764 1368 2807 alti

1775 461 1786 494 ι.

1769 535 1786 585 ,Ξ
