1786 3242
308 275 803 314 METAMORPHOSEON
824 277 923 313 LIB.
947 277 1036 313 XII.
1061 276 1257 313 306-393.

97 358 253 404 robore
275 357 553 415 Nedymnum
576 358 936 414 iaculatoremque
961 358 1002 400 L
1035 364 1175 401 cetum

37 418 39 422 ’
99 414 249 460 sternit
271 421 315 458 et
336 414 527 457 immissa
550 422 788 471 protectum
811 423 984 472 pectora
1037 415 1141 457 arba

98 471 326 529 Hippason
350 479 391 515 et
415 472 591 514 summis
616 479 830 515 extantem
854 472 1022 528 Riphea
1047 471 1162 514 silvis

36 550 38 552 ’
98 527 371 584 Thereaque,
394 528 645 571 Haemoniis
669 529 743 583 qui
766 543 942 585 prensos
966 528 1181 571 montibus
1205 542 1327 570 ursos

34 616 38 622 s
97 585 210 629 ferre
235 584 409 628 domum
433 585 554 627 vivos
582 585 937 641 indignantesque
962 585 1138 628 solebat.

98 641 216 685 haud
239 641 337 684 tulit
359 649 550 685 utentem
573 656 744 708 pugnae
769 641 1036 684 successibus
1062 642 1172 683 ultra

38 701 42 704 ⁴
98 697 269 742 Thesea
291 697 552 749 Demoleon,
576 698 796 753 solidoque
819 699 1022 740 revellere
1047 706 1196 740 trunco

100 769 310 822 annosam
328 755 476 812 pinum
501 769 659 821 magno
681 754 898 797 molimine
923 763 1114 810 temptat.

32 839 41 842 ->
97 811 215 868 quod
237 825 339 867 quia
361 825 448 854 non
470 818 629 868 potuit,
653 811 936 867 praefractam
960 811 1074 853 misit
1096 811 1140 853 in
1165 810 1343 854 hostem.

33 911 36 914 ,
98 868 175 913 sed
197 868 346 926 procul
370 883 397 910 a
419 868 504 922 telo
528 867 723 910 Theseus
747 867 943 910 veniente
967 867 1139 910 recessit

95 924 300 969 Pallados
323 924 542 967 admonitu
566 923 702 978 (credi
726 924 787 966 sic
810 923 901 980 ipse
926 924 1134 979 volebat):

97 996 185 1025 non
208 989 351 1024 tamen
374 980 501 1024 arbor
523 981 636 1024 iners
661 980 825 1023 cecidit.
884 996 983 1023 nam
1010 979 1229 1023 Crantoris
1255 981 1329 1023 alti

98 1038 280 1082 abscidit
301 1038 449 1095 iugulo
473 1045 707 1095 pectusque
731 1052 1012 1092 umerumque
1037 1037 1267 1080 sinistrum.

98 1094 283 1152 armiger
305 1095 376 1138 ille
399 1095 462 1137 tui
486 1094 626 1137 fuerat
681 1094 870 1144 eniteris,
894 1094 1085 1136 Achille:

97 1166 226 1208 quem
249 1151 469 1208 Dolopum
492 1160 630 1194 rector
685 1151 765 1194 ello
790 1158 1014 1207 superatus
1039 1151 1254 1207 Amyntor

97 1208 316 1252 Aeacidae
339 1207 514 1251 dederat
537 1208 654 1264 pacis
678 1208 919 1264 pignusque
943 1208 1170 1262 fidemque.

96 1265 212 1308 hunc
234 1265 383 1322 procul
406 1273 453 1307 ut
477 1265 604 1307 foedo
628 1264 849 1307 disiectum
874 1265 1048 1307 vulnere
1072 1264 1229 1307 Peleus

96 1321 222 1373 vidit,
248 1325 327 1364 “at
349 1321 542 1372 inferias,
566 1321 770 1364 iuvenum
794 1321 1034 1378 gratissime
1059 1320 1256 1372 Crantor,

26 1414 29 1419 .
97 1378 278 1446 accipe''
302 1379 382 1430 ait,
406 1378 633 1434 validoque
656 1378 700 1420 in
724 1378 1010 1422 Demoleonta
1031 1378 1191 1421 lacerto

96 1434 334 1479 fraxmeam
358 1435 472 1477 misit
496 1435 703 1478 contentis
728 1435 889 1478 viribus
913 1435 1093 1486 hastam,

97 1506 209 1549 quae
231 1492 412 1536 laterum
437 1499 595 1534 cratem
619 1492 810 1548 perrupit
834 1500 876 1534 et
900 1492 1066 1534 ossibus
1091 1492 1269 1535 haerens

94 1548 326 1592 intremuit.
385 1548 513 1591 trahit
536 1549 606 1592 ille
629 1563 760 1591 manu
785 1549 876 1591 sine
901 1549 1075 1605 cuspide
1099 1549 1282 1605 lignum:

95 1605 142 1648 id
164 1619 336 1661 quoque
360 1605 433 1648 vix
456 1605 648 1660 sequitur
656 1621 668 1656 3
694 1605 835 1662 cuspis
859 1607 1059 1662 pulmone
1083 1614 1247 1648 retenta
1270 1613 1346 1649 est.

95 1662 188 1720 ipse
213 1663 334 1705 dolor
356 1662 468 1705 vires
491 1662 633 1704 animo
657 1662 799 1704 dabat.
860 1677 989 1719 aeger
1011 1663 1054 1704 in
1078 1663 1245 1706 hostem

96 1719 274 1776 erigitur
327 1719 563 1774 edibusque
585 1719 726 1761 virum
749 1720 967 1775 proculcat
991 1719 1168 1774 equinis.

97 1775 290 1833 excipit?
310 1776 349 1819 le
372 1775 483 1818 ictus
506 1776 631 1832 galea
654 1776 876 1832 clipeoque
901 1784 1099 1819 sonantes

97 1833 374 1888 defensatque
397 1847 567 1875 umeros
592 1840 894 1889 praetentaque
920 1833 1098 1875 sustinet
1123 1848 1253 1884 arma,

95 1903 256 1947 perque
281 1904 422 1932 armos
444 1904 530 1932 uno
555 1889 640 1931 duo
663 1897 836 1946 pectora
858 1889 1045 1946 perforat
1067 1891 1168 1932 ictu.

96 1953 195 1990 ante
218 1953 361 1990 tamen
384 1947 470 1989 leto
494 1946 667 1989 dederat
691 1946 961 2003 Phlegraeon
986 1954 1028 1989 et
1051 1947 1197 2002 Hylen

96 2003 282 2053 eunium,
306 2003 536 2060 Iphinoum
561 2004 713 2046 collato
737 2004 880 2046 Marte
907 2002 1160 2059 Claninque.

18 2099 19 2102 ,
95 2060 266 2103 additur
288 2060 354 2103 his
378 2059 584 2116 Dorylas,
609 2060 681 2114 qui
706 2068 899 2116 tempora
922 2068 1034 2103 tecta
1057 2061 1233 2116 gerebat

94 2117 206 2174 pelle
228 2116 333 2173 lupi,
358 2117 560 2172 saevique
584 2117 721 2159 vicem
744 2118 1003 2173 praestantia
1026 2118 1099 2160 teli

95 2188 256 2217 cornua
278 2188 382 2216 vara
404 2173 536 2216 boum
558 2174 692 2216 multo
715 2174 936 2216 rubefacta
960 2188 1121 2216 cruore.

94 2230 195 2273 huic
219 2244 301 2287 ego
324 2229 445 2285 (nam
468 2231 579 2273 vires
604 2230 770 2272 animus
795 2230 944 2285 dabat)
969 2230 1192 2287 “aspice’',
1216 2231 1304 2273 dixi

95 2292 338 2344 “quantum
363 2287 597 2330 concedant
621 2294 765 2329 nostro
790 2295 864 2329 tua
888 2302 1046 2330 cornua
1069 2288 1223 2338 ferro,’'

94 2351 138 2387 et
159 2343 346 2387 iaculum
370 2344 487 2387 torsi.
546 2344 661 2399 quod
686 2359 782 2386 cum
807 2344 941 2387 vitare
964 2344 1173 2399 nequiret,

94 2401 294 2500 opgiosuit
317 2401 510 2444 dextram
534 2416 737 2457 passurae
761 2401 938 2444 vulnera
961 2401 1103 2443 fronti.

94 2458 144 2500 af
168 2473 225 2500 xa
249 2464 313 2501 est
337 2472 434 2500 cum
458 2457 596 2500 fronte
621 2473 791 2500 manus:
816 2458 864 2499 fit
888 2458 1065 2500 clamor:
1090 2465 1133 2500 at
1154 2458 1276 2500 illum

94 2514 339 2558 haerentem
362 2514 519 2557 Peleus
544 2522 586 2557 et
610 2514 764 2557 acerbo
788 2515 964 2557 vulnere
988 2515 1149 2557 victum
1171 2540 1230 2545 —

1392 266 1476 309 207

94 2570 234 2614 stabat
258 2571 370 2614 enim
394 2571 647 2628 propior.—
668 2571 852 2614 mediam
877 2571 974 2614 ferit
1000 2587 1100 2615 ense
1125 2571 1204 2614 sub
1229 2571 1386 2614 alvum.

92 2627 285 2684 prosiluit
309 2635 506 2683 terraque
530 2627 651 2670 ferox
676 2643 753 2670 sua
777 2628 940 2670 viscera
963 2629 1093 2671 traxit

92 2691 313 2740 tractaque
337 2684 517 2727 calcavit
540 2684 786 2739 calcataque
811 2685 925 2741 rupit
948 2693 987 2728 et
1011 2685 1093 2728 illis

92 2755 217 2784 crura
239 2755 410 2797 quoque
433 2741 626 2798 impediit
650 2749 690 2784 et
714 2741 829 2784 inani
854 2742 1035 2785 concidit
1061 2742 1169 2784 alvo.

91 2812 171 2841 nec
194 2805 236 2841 te
259 2806 523 2855 pugnantem
548 2806 641 2849 tua,
668 2796 862 2855 Cyllare,
886 2798 1022 2842 forma
1046 2799 1238 2850 redemit,

1504 368 1573 400 350

1502 653 1572 686 355

1502 938 1572 970 360

1501 1223 1571 1255 365

1500 1507 1571 1539 370

1498 1791 1568 1823 375

1498 2074 1569 2106 380

1496 2357 1567 2390 385

1495 2641 1567 2674 390
