1786 3242
338 230 834 271 METAMORPHOSEON
857 233 955 271 LIB.
978 234 1085 271 XIV.
1112 235 1308 273 116—203.
1430 228 1515 272 239

126 310 350 368 ‘desertum
373 312 591 368 quondam
614 313 764 357 mediis
789 315 862 370 qui
885 315 1064 372 rupibus
1087 317 1256 360 Aetnae
1539 332 1610 365 160

130 366 272 412 noscit
293 367 666 421 Achaemeniden,
689 370 1004 428 improvisoque
1026 381 1243 430 repertum

84 474 87 478 ἣ
132 423 278 469 vivere
300 423 498 476 miratus,
523 426 616 481 ‘qui
641 434 684 470 te
708 441 886 472 casusve
910 429 1070 473 deusve

131 487 294 532 servat,
317 481 663 527 Achaemenide?
686 483 781 527 cur'
804 484 942 540 inquit
965 485 1168 529 ‘barbara
1193 485 1376 531 Graium

86 549 90 552 ·
210 551 258 580 ra
279 537 423 582 vehit?
444 538 604 595 petitur
627 547 768 583 vestra
791 555 902 597 quae
926 550 1038 585 terra
1061 543 1248 586 carina?

75 627 77 630 .
255 594 477 650 quaerenti
501 595 587 638 iam
610 611 697 639 non
720 596 907 640 hirsutus
931 599 1103 649 amictu,
1538 615 1607 648 165

78 660 87 682 ¹
129 648 216 695 iam
240 665 344 694 suus
367 658 411 696 et
434 651 567 709 spinis
592 661 786 696 conserto
810 654 997 710 tegmine
1020 656 1161 707 nullis,

78 754 80 759 Α
129 705 246 751 fatur
267 707 630 752 Achaemenides:
655 709 828 753 ‘iterum
851 711 1151 768 Polyphemon
1176 720 1219 756 et
1240 713 1336 757 illos

74 783 75 786 ¹
128 762 334 822 aspiciam
356 765 510 808 fluidos
532 765 722 809 humano
745 767 954 824 sanguine
978 768 1123 820 rictus,

70 822 82 839 *
128 818 212 865 hac
233 820 339 864 mihi
363 821 399 864 si
422 821 562 878 potior
583 822 736 866 domus
761 831 826 866 est
849 823 1081 880 Ithaceque
1106 825 1262 878 carina,

72 880 85 930 j
103 923 108 927 ,
128 876 167 921 si
187 876 330 922 minus
353 878 535 923 Aenean
559 893 738 923 veneror
760 880 966 937 genitore.
1025 896 1105 925 nec
1131 898 1335 939 umquam
1535 900 1606 933 170

71 939 73 959 ³
126 946 222 981 Osee
246 934 349 978 satis
372 943 535 992 potero,
558 944 771 1003 praestem
794 937 894 980 licet
917 938 1079 989 omnia,
1103 947 1265 995 gratus,

17 982 19 986 ¹
66 1007 67 1010 ¹
123 988 244 1058 quod
266 991 421 1058 loquor
443 999 485 1036 et
514 1007 628 1060 spiro
652 993 903 1050 caelumque
928 1002 971 1038 et
993 995 1133 1039 sidera
1155 996 1256 1039 solis

124 1060 320 1104 respicio,
345 1048 561 1106 possimne
584 1057 777 1107 mgratus
802 1059 844 1094 et
867 1051 1091 1096 immemor
1114 1054 1232 1097 esse?

75 1107 77 1109 ’
125 1101 198 1148 ille
221 1104 358 1156 dedit,
381 1106 498 1161 quod
521 1121 607 1149 non
630 1107 773 1150 anima
795 1107 902 1152 haec
927 1106 1131 1166 Cyclopis
1154 1110 1200 1153 in
1224 1125 1299 1154 ora

125 1160 242 1205 venit
250 1177 263 1212 ;
288 1169 332 1205 et
353 1169 402 1205 ut
422 1162 508 1205 iam
533 1179 646 1207 nunc
668 1164 814 1208 lumen
838 1165 966 1208 vitale
990 1166 1246 1222 relinquam:
1532 1185 1600 1218 175

62 1214 63 1219 ’
125 1225 202 1261 aut
224 1218 389 1262 tumulo
413 1226 488 1262 aut
511 1228 624 1264 certe
648 1235 735 1264 non
758 1221 831 1264 illa
855 1223 1014 1265 condar
1037 1223 1081 1266 in
1106 1224 1216 1266 alvo.

7 1316 9 1325 y
66 1299 69 1305 s
124 1273 229 1331 quid
252 1275 356 1318 mihi
380 1282 483 1320 tunc
505 1276 637 1320 animi
659 1302 717 1309 —-
739 1278 822 1321 nisi
846 1279 882 1321 si
905 1280 1032 1322 timor
1056 1280 1231 1324 abstulit
1254 1296 1424 1326 omnem

7 1330 9 1335 ⁴
58 1330 69 1339 ’
117 1345 298 1376 ,sensum
321 1332 596 1389 animumque
618 1358 676 1365 —
699 1334 799 1385 fuit,
825 1350 923 1378 cum
947 1351 1023 1379 vos
1048 1344 1192 1393 petere
1217 1339 1303 1382 alta
1325 1340 1496 1384 relictus

56 1385 57 1388 ¹
123 1401 312 1444 aequora
333 1390 562 1456 conspexi?
597 1391 714 1434 volui
737 1392 987 1444 inclamare,
1013 1394 1088 1437 sed
1112 1394 1222 1437 hosti

6 1494 8 1500 γ
55 1453 61 1495 ζ
121 1444 302 1502 prodere
325 1461 395 1490 me
418 1446 554 1490 t1mui.
612 1456 778 1492 vestrae
803 1463 973 1505 quoque
998 1451 1158 1493 clamor
1180 1451 1323 1496 Ulixis
1530 1469 1600 1503 180

6 1512 7 1516 ’
62 1535 63 1538 ,
121 1515 259 1569 paene
282 1502 364 1546 rati
386 1503 544 1547 nocuit.
603 1505 711 1556 vidi,
737 1521 834 1549 cum
858 1515 1002 1551 monte
1025 1509 1244 1551 revulsum

12 1567 14 1569 “
59 1591 61 1594 .
120 1572 354 1603 immanem
376 1561 598 1617 scopulum
621 1562 784 1606 medias
808 1563 999 1619 permisit
1022 1565 1067 1607 in
1091 1565 1247 1609 undas:

50 1619 54 1662 s
121 1614 211 1658 vidi
232 1615 388 1659 iterum
411 1617 543 1661 veluti
567 1620 766 1663 tormenti
790 1621 951 1663 viribus
975 1629 1072 1665 acta

57 1685 59 1687 ’
120 1678 245 1715 vasta
269 1671 488 1731 Giganteo
510 1674 768 1719 iaculantem
792 1692 896 1720 saxa
919 1678 1091 1729 lacerto,

54 1748 80 1767 π
120 1736 185 1780 et,
208 1743 264 1773 ne
287 1729 542 1787 deprimeret
563 1732 771 1776 fluctusve
794 1733 958 1777 ictusve
982 1735 1182 1787 carinam,
1527 1754 1595 1787 185

118 1785 340 1844 pertimui,
362 1786 449 1830 iam
473 1803 542 1832 me
565 1803 651 1832 non
675 1804 767 1833 esse
792 1791 948 1834 oblitus
971 1791 1014 1834 in
1040 1792 1125 1835 illa.

19 1842 22 1843 ⁷
49 1837 54 1871 Τ
118 1849 169 1886 ut
191 1856 293 1887 vero
316 1842 424 1901 fuga
446 1859 522 1888 vos
546 1845 602 1888 ab
625 1847 781 1890 acerba
804 1855 939 1890 morte
962 1849 1144 1901 reduxit,

55 1951 58 1955 v
118 1898 191 1943 ille
216 1899 390 1956 quidem
413 1908 547 1944 totam
569 1902 876 1947 fremebundus
901 1905 1150 1949 obambulat
1172 1906 1362 1951 Aetnam

51 1973 53 1976 ⁴
103 1964 487 2025 ,praetemptatque
508 1973 639 2002 manu
664 1961 792 2004 silvas
817 1969 859 2004 et
881 1962 1052 2005 luminis
1076 1964 1206 2006 orbus

24 2027 42 2037 ⁷>
117 2013 297 2070 rupibus
318 2022 525 2066 incursat,
549 2015 806 2073 foedataque
830 2018 1031 2062 bracchia
1054 2020 1155 2062 tabo
1526 2037 1594 2070 190

19 2090 53 2115 x<
118 2069 164 2113 in
187 2085 305 2114 mare
327 2073 584 2128 protendens
607 2082 780 2130 gentem
804 2083 1026 2119 execratur
1047 2077 1262 2120 Achivam

15 2134 23 2148 ‘
119 2134 247 2183 atque
271 2127 330 2171 ait
353 2132 414 2172 “o
438 2129 474 2172 si
498 2130 594 2185 quis
617 2131 774 2174 referat
798 2131 902 2174 mihi
926 2147 1050 2176 casus
1073 2132 1250 2177 Ulixem

22 2181 48 2215 ·’-’
118 2190 194 2226 aut
217 2184 404 2240 aliquem
427 2200 452 2228 e
477 2187 622 2238 sociis,
645 2187 691 2230 in
714 2203 842 2244 quem
865 2204 961 2231 mea
983 2190 1144 2233 saeviat
1167 2191 1243 2236 ira.

118 2240 283 2284 viscera
306 2242 427 2285 cuius
451 2243 595 2295 edam,
620 2244 741 2288 cuius
765 2245 952 2288 viventia
975 2247 1125 2290 dextra

8 2276 47 2338 ’,ς
115 2298 310 2342 membra
331 2314 428 2343 mea
449 2299 625 2351 laniem,
650 2302 771 2344 euius
795 2302 899 2345 mihi
924 2304 1098 2360 sanguis
1121 2304 1300 2348 inundet
1521 2322 1588 2354 195

9 2362 22 2379 '¹
116 2361 284 2412 guttur,
307 2363 351 2399 et
374 2356 468 2400 elisi
491 2364 554 2400 tre
585 2358 701 2402 ident
725 2359 806 2402 sub
831 2359 1028 2403 dentibus
1053 2361 1189 2404 artusl

116 2424 247 2467 quam
269 2412 436 2456 nullum
458 2421 533 2457 aut
572 2430 650 2458 eve
675 2415 728 2458 sit
753 2416 955 2459 damnum
979 2417 1083 2460 mihi
1105 2418 1212 2461 lucis
1237 2419 1515 2477 ademptael”

11 2445 15 2451 ³
35 2469 43 2498 Ἰ
115 2466 222 2512 haec
245 2476 288 2513 et
311 2469 436 2526 plura
457 2470 592 2514 feroit.
651 2487 719 2515 me
742 2472 906 2516 luridus
930 2482 1112 2531 occupat
1134 2475 1282 2518 horror

115 2532 378 2582 spectantem
402 2527 545 2571 vultus
569 2528 801 2572 etiamnum
826 2530 956 2574 caede
979 2531 1198 2575 madentes

115 2581 394 2639 crudelesque
417 2599 570 2628 manus
595 2594 638 2629 et
658 2585 830 2629 inanem
853 2587 1024 2631 luminis
1049 2588 1197 2632 orbem
1515 2605 1584 2638 200

6 2679 11 2691 ,
40 2654 42 2660 ²
114 2639 391 2696 membraque
415 2648 460 2684 et
481 2641 669 2685 humano
694 2651 934 2687 concretam
958 2645 1165 2701 sanguine
1189 2646 1381 2691 barbam.

113 2709 229 2739 mors
253 2704 343 2740 erat
367 2706 466 2741 ante
490 2699 653 2751 oculos,
677 2699 900 2743 minimum
924 2708 1067 2745 tamen
1090 2702 1163 2746 illa
1185 2704 1408 2748 malorum.

112 2758 156 2796 et
177 2752 264 2796 iam
286 2768 560 2811 prensurum,
585 2756 670 2799 iam
694 2771 808 2801 nunc
831 2773 927 2802 mea
950 2759 1114 2803 viscera
1137 2761 1262 2805 rebar
