1786 3242
334 257 419 300 220
779 263 822 298 Ρ.
850 262 1015 300 OVIDII
1039 260 1256 298 NASONIS

243 359 308 392 295
333 345 537 402 postulat,
561 351 609 387 ut
634 343 791 400 capiat,
817 357 925 397 quae
949 356 1033 384 non
1056 342 1280 399 intellegit,
1305 343 1440 385 arma!
1469 366 1531 375 -

333 402 436 456 quid
460 401 574 456 quod
597 415 684 450 me,
710 399 803 441 duri
827 398 1060 454 fugientem
1083 413 1260 441 munera
1282 398 1395 449 belli,

334 457 474 513 arguit
496 457 664 511 incepto
688 470 828 498 serum
853 454 1078 497 accessisse
1101 454 1250 504 labori,

333 528 412 556 nec
437 527 481 555 se
505 511 776 568 magnanimo
801 511 1050 553 maledicere
1074 510 1200 553 sentit
1222 510 1405 553 Achilli?

334 570 370 611 si
395 569 612 610 simulasse
637 575 758 609 vocat
783 567 958 609 crimen:
984 566 1273 608 simulavimus
1296 567 1435 610 ambo.

245 639 311 671 300
336 626 371 667 si
394 639 512 666 mora
535 638 611 679 pro
636 624 762 679 culpa
785 631 866 665 est:
893 637 973 679 ego
998 637 1091 664 sum
1115 623 1316 665 maturior
1337 623 1422 665 illo.

333 696 402 723 me
426 681 497 736 pia
521 680 698 723 detinuit
722 680 924 729 coniunX,
949 679 1020 735 pia
1042 685 1176 721 mater
1200 678 1430 722 Achillem:

364 737 553 791 rimaque
578 743 675 778 sunt
698 735 778 778 illis
803 736 902 777 data
925 742 1131 791 tempora,
1157 743 1296 778 cetera
1318 735 1452 778 vobis.

334 753 450 835 liaud
473 793 614 842 timeo,
639 793 674 834 si
698 793 782 834 iam
806 806 1012 846 nequeam
1038 791 1262 834 defendere
1287 791 1445 834 crimen

337 865 434 892 cum
458 856 574 891 tanto
599 863 819 890 commune
844 848 945 890 viro.
1005 848 1235 903 deprensus
1259 846 1401 889 Ulixis

245 919 311 952 305
335 905 506 962 ingenio
530 913 671 947 tamen
694 905 782 947 ille:
807 912 848 946 at
873 918 957 946 non
981 904 1126 946 Aiacis
1150 903 1314 946 Ulixes.
1338 927 1396 934 —

335 977 442 1004 neve
465 962 508 1003 in
533 976 601 1003 me
626 961 801 1003 stolidae
826 961 1015 1002 convicia
1038 960 1215 1002 fundere
1238 960 1409 1016 linguae

337 1018 591 1060 admiremur
615 1032 730 1067 eum,
756 1017 876 1058 vobis
900 1030 1068 1071 quoque
1093 1016 1222 1072 digna
1244 1017 1405 1072 pudore

337 1074 480 1116 obicit.
540 1089 594 1115 an
618 1073 724 1115 falso
748 1072 1008 1116 Palameden
1033 1073 1205 1115 crimine
1229 1080 1351 1128 turpe
1377 1081 1440 1115 est

339 1144 560 1172 accusasse
583 1129 705 1179 mihi,
730 1129 850 1171 vobis
875 1129 1095 1171 damnasse
1120 1129 1344 1171 decorum?

247 1201 315 1232 310
342 1186 416 1228 sed
439 1199 577 1239 neque
601 1185 860 1241 Naupliades
884 1185 1047 1228 facinus
1072 1185 1298 1227 defendere
1321 1192 1485 1228 tantum

337 1249 508 1296 tamque
532 1248 680 1297 patens
704 1242 855 1291 valuit,
879 1256 958 1284 nec
982 1256 1055 1283 vos
1081 1241 1254 1283 audistis
1277 1241 1321 1283 in
1344 1241 1416 1284 illo

338 1298 529 1340 crimina:
555 1297 735 1346 vidistis,
759 1298 978 1353 pretioque
1002 1297 1166 1339 obiecta
1189 1298 1402 1353 patebant.
1427 1321 1485 1327 —

336 1368 416 1396 nec
438 1354 729 1396 Poeantiaden
754 1354 868 1408 quod
891 1354 1019 1396 habet
1042 1354 1249 1396 Volcania
1271 1353 1474 1405 Lemnos,

339 1425 431 1453 esse
454 1424 551 1452 reus
575 1410 723 1452 merui.
782 1409 943 1452 factum
968 1409 1180 1452 defendite
1203 1421 1410 1452 vestrum:

249 1481 314 1512 315
341 1466 607 1508 consensistis
632 1467 757 1508 enim.
815 1481 894 1508 nec
917 1481 985 1508 me
1010 1466 1191 1508 suasisse
1214 1465 1395 1522 negabo,

339 1530 387 1564 ut
411 1537 455 1564 se
481 1522 745 1564 subtraheret
767 1522 951 1576 bellique
976 1522 1153 1576 viaeque
1177 1522 1312 1564 labori

338 1585 648 1634 temptaretque
671 1578 783 1620 feros
806 1578 950 1633 requie
973 1578 1092 1620 finire
1117 1578 1294 1620 dolores.

339 1635 499 1690 paruit,
525 1642 567 1677 et
590 1635 706 1676 vivit.
765 1649 850 1676 non
873 1635 978 1677 haec
1003 1635 1209 1677 sententia
1231 1642 1396 1677 tantum

340 1691 444 1740 fida,
469 1691 543 1733 sed
568 1698 608 1733 et
632 1691 752 1741 felix,
778 1706 874 1732 cum
900 1691 953 1732 sit
977 1691 1076 1732 satis
1101 1705 1191 1732 esse
1216 1690 1396 1733 fidelem.

249 1761 316 1793 320
341 1761 468 1801 quem
492 1747 691 1801 quoniam
715 1754 833 1789 vates
859 1747 1037 1789 delenda
1060 1747 1114 1788 ad
1137 1747 1350 1803 Pergama
1373 1754 1568 1803 poscunt,

339 1819 394 1845 ne
418 1803 615 1845 mandate
639 1803 760 1844 mihi:
785 1803 933 1845 melius
959 1803 1230 1845 Telamonius
1253 1803 1331 1844 ibit

341 1859 592 1913 eloquioque
616 1859 752 1900 virum
775 1859 1017 1913 morbisque
1040 1860 1186 1913 iraque
1208 1859 1420 1902 furentem

340 1915 517 1965 molliet,
542 1923 614 1956 aut
638 1915 778 1969 aliqua
801 1915 1006 1970 producet
1030 1915 1206 1957 callidus
1231 1922 1319 1958 arte
1333 1947 1343 1957 .
1360 1946 1370 1957 .
1385 1946 1396 1957 .

342 1979 438 2013 ante
463 1978 571 2013 retro
597 1970 752 2013 Simois
776 1971 878 2013 fluet
902 1979 943 2013 et
968 1971 1056 2013 sine
1080 1971 1300 2013 frondibus
1324 1971 1402 2014 Ide

250 2041 316 2074 325
342 2027 487 2077 stabit,
512 2034 554 2069 et
577 2027 780 2069 auxilium
803 2027 1017 2083 promittet
1040 2027 1207 2069 Achaia
1230 2027 1396 2076 Troiae,

341 2098 489 2138 quam,
514 2091 701 2126 cessante
724 2098 819 2125 meo
843 2098 919 2138 pro
942 2083 1090 2126 vestris
1114 2091 1283 2139 pectore
1306 2083 1447 2134 rebus,

340 2139 486 2181 Aiacis
511 2139 650 2181 stolidi
673 2139 836 2180 Danais
862 2139 1043 2181 sollertia
1065 2139 1215 2195 prosit!

341 2196 397 2237 sis
421 2195 518 2237 licet
541 2195 718 2237 infestus
742 2196 865 2237 sociis
888 2195 1063 2251 regique
1087 2195 1288 2250 mihique,

341 2251 444 2294 dure
467 2251 722 2301 Philoctete;
747 2252 843 2294 licet
868 2266 1062 2294 execrere
1085 2266 1311 2306 meumque

249 2320 316 2352 330
341 2308 549 2350 devoveas
574 2307 662 2350 sine
685 2308 769 2350 fine
794 2315 938 2363 caput,
964 2308 1192 2363 cupiasque
1217 2308 1375 2351 dolenti

340 2378 409 2406 me
433 2363 510 2405 tibi
534 2364 641 2406 forte
666 2364 755 2405 dari
779 2372 1054 2418 nostrumque
1078 2364 1244 2406 haurire
1269 2378 1479 2407 cruorem:

341 2428 383 2462 te
407 2426 548 2462 tamen
572 2420 814 2476 aggrediar3
838 2421 910 2462 fiet
933 2420 1009 2461 tibi
1033 2420 1154 2476 copia
1176 2420 1327 2471 nostri3

341 2484 512 2530 tamque
537 2476 620 2518 tuis
644 2476 780 2532 potiar
802 2499 859 2506 ——
881 2476 1023 2518 faveat
1045 2476 1236 2518 Fortuna
1257 2500 1316 2506 —
1338 2475 1515 2532 sagit-tis,

340 2546 469 2585 quam
494 2547 587 2574 sum
611 2531 844 2582 Dardanio,
870 2547 997 2586 quem
1022 2532 1132 2587 cepi,
1157 2539 1252 2575 vate
1275 2532 1452 2589 potitus3

248 2600 315 2632 335
342 2602 471 2641 quam
493 2602 695 2644 responsa
719 2589 844 2631 deum
869 2589 1138 2643 Troianaque
1161 2588 1249 2630 fata
1271 2588 1403 2631 retexi
1411 2605 1423 2638 ;

342 2658 470 2697 quam
493 2644 615 2700 rapui
638 2644 854 2700 Phrygiae
879 2645 1047 2700 signum
1070 2645 1282 2700 penetrale
1305 2644 1529 2690 Minervae

341 2699 531 2741 hostibus
557 2715 579 2742 e
603 2701 765 2742 mediis.
825 2708 866 2743 et
890 2716 934 2743 se
958 2700 1061 2742 mihi
1085 2701 1273 2743 conferat
1295 2700 1435 2742 Aiax?

341 2770 494 2811 nempe
519 2757 612 2812 capi
637 2757 807 2799 Troiam
832 2756 1110 2813 prohibebant
1133 2756 1222 2799 fata
1245 2756 1335 2800 sine
1358 2756 1452 2798 illis.
1476 2778 1534 2786 —
