1786 3242
277 526 370 565 ‘15

329 815 374 846 20

329 1096 372 1128 25

329 1378 374 1410 30

330 1657 373 1689 35

330 1941 375 1971 40

328 2222 372 2253 45

329 2505 373 2536 50

314 2785 370 2816 ‚55

395 263 477 305 146
840 269 884 304 Ρ.
911 267 1076 305 OVIDII
1098 266 1313 304 NASONIS

394 352 574 408 “accipe
596 366 664 393 me
688 349 932 406 generum,”
958 349 1046 391 dixi
1069 348 1342 391 “Parthaone
1365 347 1517 392 nate=”

395 409 502 450 dixit
525 415 566 450 et
589 407 775 449 Alcides.
835 405 905 447 alii
929 419 1092 448 cessere
1115 405 1295 448 duobus.

393 465 463 507 ille
486 464 634 506 Iovem
658 477 850 505 socerum
874 462 974 504 dare
999 477 1062 512 se,
1087 461 1328 516 famamque
1350 460 1557 512 laborum,

395 528 437 562 et
460 528 657 576 superata
681 533 782 561 suae
805 518 1015 561 referebat
1036 517 1150 559 iussa
1172 531 1391 560 novercae.

396 583 541 618 contra
564 589 644 632 ego
669 579 827 630 “turpe
852 574 979 617 deum
1003 574 1167 616 mortali
1192 573 1371 617 cedere''
1397 573 1484 616 dixi

395 632 602 687 (nondum
626 639 716 674 erat
738 631 807 673 ille
832 631 974 686 deus):
1001 635 1189 672 “numen
1212 645 1280 673 me
1304 630 1440 673 cernis
1463 643 1685 686 aquarum,

396 688 588 731 cursibus
613 687 793 742 obliquis
817 687 926 729 inter
949 694 1022 728 tua
1044 701 1176 752 regna
1199 687 1411 729 fluentem.

395 760 474 788 nec
496 759 628 801 gener
651 744 831 786 externis
855 743 1008 799 hospes
1032 743 1109 784 tib1
1132 743 1284 785 missus
1308 743 1362 785 ab
1386 743 1484 794 oris,

398 802 471 844 sed
494 801 708 857 popularis
733 815 804 843 ero
828 807 870 842 et
893 815 1032 842 rerum
1056 814 1154 855 pars
1178 815 1263 842 una
1285 807 1467 842 tuarum.

396 865 561 900 tantum
584 872 638 899 ne
661 864 828 906 noceat,
853 856 967 911 quod
991 871 1059 899 me
1082 870 1161 898 nec
1183 856 1301 912 regia
1324 856 1432 898 Iuno

397 915 503 965 odit,
527 921 569 957 et
592 914 727 955 omnis
751 913 871 955 abest
893 913 1101 955 iussorum
1126 926 1263 968 poena
1284 912 1490 954 laborum.

395 986 514 1020 nam,
539 984 622 1025 quo
647 977 689 1012 te
713 969 862 1019 iactas,
886 969 1095 1011 Alcmena
1118 977 1236 1019 nate,
1261 976 1461 1015 creatum,

397 1027 602 1083 Iuppiter,
627 1033 701 1068 aut
724 1025 855 1067 falsus
879 1033 999 1081 pater
1023 1033 1086 1068 est
1110 1033 1183 1067 aut
1206 1025 1378 1068 crimine
1402 1037 1541 1067 verne.

397 1083 542 1125 matris
567 1083 772 1125 adulterio
796 1091 959 1138 patrem
983 1082 1103 1137 petis.
1164 1082 1291 1137 elige,
1315 1081 1462 1123 fictum

397 1154 489 1182 esse
512 1139 659 1182 Iovem
682 1139 824 1189 malis,
849 1154 903 1180 an
927 1145 968 1181 te
991 1154 1068 1194 per
1092 1138 1274 1180 dedecus
1299 1136 1477 1180 ortum.”

397 1195 498 1237 talia
522 1195 730 1238 dicentem
752 1195 999 1237 iamdudum
1023 1195 1180 1237 lumine
1205 1202 1324 1236 torvo

398 1258 560 1308 spectat
584 1259 626 1294 et
648 1265 849 1294 accensae
871 1265 956 1292 non
979 1251 1142 1293 fortiter
1164 1252 1342 1307 imperat
1364 1251 1465 1300 irae,

398 1308 612 1362 verbaque
637 1315 699 1350 tot
721 1307 876 1350 reddit:
902 1307 1084 1350 “melior
1106 1307 1209 1349 mihi
1233 1308 1406 1350 dextera
1427 1307 1587 1362 lingua.

398 1364 626 1406 dummodo
649 1364 879 1420 pugnando
904 1378 1117 1419 superem,
1141 1370 1188 1405 tu
1211 1364 1332 1406 vince
1354 1362 1597 1417 loquendo''

400 1420 756 1476 congrediturque
781 1419 913 1462 ferox.
973 1420 1125 1475 puduit
1146 1420 1272 1461 modo
1295 1434 1451 1476 magna
1472 1419 1662 1462 locutum

399 1477 566 1520 cedere:
591 1477 718 1519 reieci
740 1477 918 1518 viridem
942 1476 994 1519 de
1019 1490 1191 1532 corpore
1215 1483 1375 1518 vestem

398 1533 678 1588 bracchiaque
703 1533 880 1588 opposui
905 1532 1105 1587 tenuique
1129 1548 1154 1574 a
1178 1540 1346 1588 pectore
1370 1546 1492 1574 varas

398 1590 441 1631 in
467 1590 646 1632 statione
670 1604 839 1639 manus,
865 1597 906 1631 et
929 1604 1100 1654 pugnae
1123 1589 1313 1631 membra
1365 1587 1494 1630 aravi.

399 1646 468 1688 ille
493 1646 607 1688 cavis
631 1645 782 1688 hausto
808 1652 968 1701 sparglt
990 1661 1057 1687 me
1081 1646 1254 1701 pulvere
1278 1660 1333 1701 pa
1349 1645 1442 1695 mis,

398 1703 527 1757 inque
551 1703 689 1745 vicem
711 1702 853 1744 fulvae
877 1708 993 1744 tactu
1015 1702 1203 1744 flavescit
1226 1702 1421 1744 harenae.

399 1767 441 1801 et
464 1758 590 1800 modo
614 1758 839 1808 cervicem,
864 1759 990 1799 modo
1015 1772 1136 1800 crura
1158 1758 1358 1800 micantia
1381 1764 1534 1814 captat,

399 1822 473 1857 aut
497 1822 665 1870 captare
690 1822 832 1870 putes,
857 1815 1054 1868 omnique
1078 1830 1104 1856 a
1127 1821 1245 1870 parte
1268 1814 1447 1857 lacessit.

398 1886 467 1914 me
490 1886 585 1913 mea
608 1871 795 1913 defendit
817 1871 1023 1926 gravitas,
1047 1870 1288 1924 frustraque
1311 1870 1504 1927 petebat:

401 1927 515 1969 haud
540 1942 661 1970 secus
685 1941 735 1969 ac
757 1927 908 1977 moles,
933 1941 1061 1981 quam
1083 1941 1239 1982 magno
1283 1941 1499 1969 murmure
1521 1926 1676 1970 fluctus

399 1991 665 2040 oppugnant3
690 1991 831 2025 manet
854 1983 925 2024 illa
949 1997 1108 2038 suoque
1132 1991 1196 2025 est
1219 1983 1404 2038 pondere
1428 1990 1531 2026 tuta.

399 2040 658 2096 digredimur
680 2040 854 2095 paulum
878 2053 1106 2093 rursusque
1131 2039 1184 2081 ad
1208 2039 1319 2081 bella
1343 2039 1516 2090 coimus,

398 2097 526 2151 inque
549 2096 686 2151 gradu
712 2096 922 2145 stetimus,
947 2096 1049 2137 certi
1072 2110 1157 2137 non
1181 2095 1329 2138 cedere
1338 2112 1349 2145 ;
1375 2102 1548 2150 eratque

399 2168 496 2195 cum
520 2153 626 2208 pede
651 2167 726 2207 pes
750 2152 937 2202 iunctus,
961 2159 1133 2206 totoque
1158 2166 1238 2208 ego
1261 2159 1430 2207 pectore
1453 2165 1625 2207 pronus,

399 2217 440 2252 et
464 2209 616 2264 digitos
642 2209 783 2263 digitis
807 2215 848 2250 et
871 2208 1052 2250 frontem
1076 2208 1213 2250 fronte
1237 2208 1501 2264 premebam.

397 2280 483 2307 non
507 2265 627 2307 aliter
649 2265 735 2306 vidi
759 2265 888 2307 fortes
914 2279 1161 2307 concurrere
1185 2272 1341 2315 tauros,

398 2337 494 2364 cum
519 2321 700 2377 pretium
725 2336 894 2376 pugnae
918 2327 1006 2362 toto
1030 2320 1280 2363 nitidissima
1303 2321 1413 2363 saltu

397 2378 607 2433 expetitur
631 2378 826 2419 coniunx.
887 2384 1077 2432 spectant
1100 2383 1289 2419 armenta
1311 2383 1564 2433 paventque,

396 2434 558 2484 nescia,
583 2448 710 2489 quem
733 2440 903 2476 maneat
925 2434 1030 2475 tanti
1054 2433 1229 2476 victoria
1251 2433 1385 2489 regni.

398 2499 461 2532 ter
485 2490 574 2532 sine
597 2490 790 2546 profectu
814 2490 949 2532 voluit
971 2489 1147 2532 nitentia
1170 2497 1316 2532 contra.

396 2546 553 2589 reicere
577 2546 751 2588 Alcides
776 2561 802 2588 a
825 2561 870 2588 se
894 2560 989 2588 mea
1011 2554 1200 2602 pectora:
1226 2552 1375 2600 quarto

397 2603 556 2645 excutit
581 2603 799 2658 amplexus
823 2602 1090 2656 adductaque
1114 2602 1310 2645 bracchia
1333 2602 1476 2645 solvit:

395 2659 710 2714 impulsumque
734 2674 863 2701 manu
885 2682 944 2688 —
966 2665 1126 2701 certum
1151 2668 1215 2701 est
1236 2658 1340 2700 mihi
1363 2673 1464 2701 vera
1485 2657 1610 2701 fateri
1632 2681 1689 2690 -

395 2715 587 2770 protinus
611 2715 779 2765 avertit,
803 2722 1007 2771 tergoque
1031 2729 1231 2757 onerosus
1255 2714 1447 2757 inhaesit.

397 2772 431 2813 si
456 2786 540 2827 qua
562 2771 666 2814 fides
692 2770 848 2826 (neque
874 2771 985 2814 enim
1009 2771 1108 2814 ficta
1129 2771 1232 2813 mihi
1256 2771 1391 2827 gloria
1414 2784 1518 2814 voce
