1774 3256
349 251 843 290 METAMORPHOSEON
866 253 964 289 LIB.
989 253 1020 289 Ι.
1044 253 1238 290 298-385.
1453 245 1481 287 9

62 331 156 388 [ot
177 333 334 393 quibus
358 340 420 378 est
443 334 570 378 undis
594 335 758 386 audita,
784 334 970 378 coercuit
992 348 1151 378 omnes.

90 391 286 450 ‘fiumina
309 391 554 442 subsidunt,
579 392 793 447 collesque
818 392 933 435 exire
958 391 1172 442 videntur-3

39 481 42 484 -
90 448 197 507 ,5⁵⁸¹
219 463 336 494 mare
359 448 459 492 litus
482 449 630 500 habet3
653 449 802 505 plenos
827 449 940 506 capit
964 449 1110 492 alveus
1134 463 1300 500 amnes;

90 505 248 564 surgit
269 504 445 557 humus;
469 513 665 549 crescunt
686 505 781 548 loca
806 505 1147 548 decrescentibus
1171 506 1315 549 undis:
1507 519 1578 552 345

35 579 37 582 ’
103 571 290 624 *postque
315 562 430 606 diem
451 562 625 619 longam
647 562 808 605 nudata
832 562 1053 605 cacumina
1077 563 1208 605 silvae
1559 564 1563 584 ²

38 628 41 637 “
89 619 357 670 ·oetendunt,
381 619 616 675 limumque
638 625 786 662 tenent
808 618 852 661 in
876 619 1026 662 fronde
1050 619 1257 662 relictum.

33 695 36 699 >
86 710 90 711 ⁷
109 676 300 725 redditus
323 675 437 719 orbis
461 684 564 719 erat.
623 690 751 731 quem
775 682 1002 731 postquam
1026 675 1132 717 vidit
1154 675 1324 719 inanem

83 743 156 782 'set
177 733 388 778 desolatas
411 747 539 790 agere
563 732 649 775 alta
666 731 837 775 silentia
862 738 1009 782 terras,

68 794 95 830 ³3
109 789 352 837 Deucalion
372 789 556 832 lacrimis
580 789 640 832 ita
661 789 874 844 Pyrrham
899 788 1070 830 adfatur
1092 788 1270 832 obortis:
1511 803 1581 835 350

111 853 159 892 ‘o
181 861 312 898 soror,
335 861 362 890 ο
385 846 590 896 coniunx,
615 860 641 888 0
665 845 824 889 femina
848 846 938 888 sola
962 860 1011 888 su
1046 852 1191 895 erstes,

75 934 86 940 .
139 920 241 949 uam
264 918 488 948 commune
511 902 615 945 mihi
638 917 776 960 genus
801 909 842 945 et
865 860 1067 959 patruelis
1092 902 1226 959 origo,

78 999 86 1018 ÷
141 961 264 1007 einde
288 968 404 1004 torus
427 960 584 1011 iunxit,
607 974 722 1002 nunc
745 959 839 1016 ipsa
862 959 1051 1016 pericula
1074 959 1277 1015 iungunt:

68 1047 73 1050 -
109 1027 337 1069 terrarum,
361 1031 652 1073 quascumque
677 1016 822 1059 vident
847 1030 1023 1059 occasus
1048 1023 1088 1059 et
1114 1024 1245 1067 ortus,

109 1090 190 1120 nos
212 1075 298 1119 duo
321 1074 447 1118 turba
470 1089 638 1117 sumus:
663 1073 851 1130 possedit
876 1081 1015 1116 cetera
1037 1079 1209 1129 pontus.
1510 1088 1579 1120 355

79 1132 82 1134 ’
109 1132 218 1178 haec
240 1141 411 1188 quoque
435 1130 576 1174 adhuc
598 1131 712 1174 vitae
735 1145 822 1173 non
846 1138 910 1173 est
931 1130 1088 1172 fiducia
1110 1135 1280 1173 nostrae

72 1216 74 1218 ·
110 1196 228 1235 certa
251 1188 371 1232 satis:
395 1195 554 1232 terrent
577 1188 820 1231 etiamnunc
844 1187 992 1230 nubila
1014 1194 1214 1230 mentem.

52 1247 78 1274 Τ
109 1246 207 1304 quis
229 1245 326 1296 tibi,
350 1245 387 1288 si
411 1245 501 1288 sine
524 1260 594 1288 me
617 1245 716 1287 fatis
741 1251 886 1301 erepta
909 1244 1077 1293 fuisses,

71 1322 74 1323 ⁷
109 1318 225 1354 nunc
248 1302 434 1353 animus,
457 1302 718 1352 miseranda,
742 1301 877 1344 foret?
901 1315 986 1356 quo
1012 1301 1102 1343 sola
1124 1300 1319 1344 timorem

109 1359 222 1405 ferre
245 1359 374 1403 modo
396 1359 570 1416 posses?
594 1373 679 1414 quo
705 1358 948 1402 consolante
974 1358 1164 1401 doleres?
1510 1372 1581 1404 360

109 1431 296 1473 namque
318 1431 414 1474 ego,
439 1416 564 1460 crede
587 1416 710 1467 mihi,
736 1416 772 1458 si
794 1423 836 1458 te
861 1429 1030 1470 quoque
1053 1421 1208 1471 pontus
1232 1414 1421 1466 haberet,

109 1482 154 1519 te
177 1488 389 1530 sequerer,
413 1473 619 1524 coniunx,
645 1479 687 1515 et
710 1487 779 1515 me
804 1486 973 1527 quoque
997 1479 1153 1528 pontus
1178 1471 1365 1514 haberet.

110 1545 138 1574 ο
161 1531 327 1574 utinam
349 1545 521 1587 possem
545 1530 724 1587 populos
748 1544 946 1586 reparare
969 1528 1156 1585 paternis

110 1587 275 1632 artibus
298 1594 427 1643 atque
450 1586 613 1630 animas
637 1587 843 1629 formatae
866 1585 1091 1628 infundere
1115 1583 1269 1628 terrael

109 1659 226 1689 nunc
248 1658 386 1701 genus
408 1643 454 1686 in
476 1643 599 1687 nobis
623 1650 754 1686 restat
777 1643 955 1685 mortale
980 1642 1147 1685 duobus
1170 1666 1229 1672 —
1511 1656 1580 1688 365

111 1703 173 1746 sic
195 1701 335 1744 visum
358 1707 423 1744 est
447 1700 995 1757 superis—hominumque
1020 1699 1215 1756 exempla
1238 1699 1487 1742 manemus!

111 1759 298 1810 dixerat,
322 1764 365 1801 et
387 1757 560 1801 flebant.
619 1757 781 1814 placuit
804 1756 985 1800 caeleste
1008 1756 1173 1812 precari

109 1830 271 1860 numen
294 1822 336 1858 et
358 1814 564 1857 auxilium
588 1829 665 1870 per
689 1828 831 1856 sacras
884 1828 1059 1856 uaerere
1085 1821 1232 1855 sortes.

108 1872 229 1917 nulla
251 1885 371 1914 mora
393 1878 476 1915 est:
501 1871 660 1914 adeunt
681 1870 840 1927 pariter
905 1870 1118 1927 ephisidas
1142 1870 1292 1920 undas,

109 1937 158 1983 nt
179 1929 371 1973 nondum
392 1927 595 1984 liquidas,
620 1928 681 1970 sic
703 1928 789 1970 iam
813 1928 925 1970 vada
948 1934 1050 1970 nota
1074 1934 1279 1970 secantes.
1513 1941 1582 1973 370

28 1995 55 2027 jz}
109 1986 210 2031 inde
232 1985 309 2029 ubi
330 1985 485 2028 libatos
507 1985 749 2028 inroravere
771 1984 957 2040 liquores

108 2043 302 2087 vestibus
326 2049 370 2086 et
392 2041 541 2099 capiti,
564 2042 740 2087 flectunt
762 2042 946 2098 vestigia
970 2048 1141 2084 sanctae

24 2108 53 2148 lt
110 2101 168 2144 ad
191 2098 370 2143 delubra
393 2099 519 2150 deae,
543 2113 725 2154 quorum
749 2098 921 2154 fastigia
945 2098 1058 2154 turpi

50 2166 54 2168 ’
108 2157 327 2216 pallebant
349 2170 516 2207 musco,
540 2156 794 2211 stabantque
818 2155 907 2198 sine
931 2155 1103 2212 ignibus
1128 2170 1239 2198 arae.

108 2222 160 2258 ut
181 2213 329 2271 templi
357 2213 535 2270 tetigere
558 2213 736 2270 gradus,
761 2212 1002 2269 procumbit
1023 2219 1202 2267 uterque
1511 2226 1581 2258 375

20 2273 53 2291 '³'
108 2285 270 2329 pronus
292 2270 413 2313 humi
434 2269 661 2327 gelidoque
685 2284 845 2326 pavens
870 2270 987 2312 dedit
1010 2269 1155 2312 oscula
1179 2283 1294 2311 saxo.
1565 2282 1567 2284 ·

15 2340 41 2370 ;·
109 2335 238 2384 atque
260 2327 322 2370 ita
346 2327 402 2370 ‘si
424 2327 641 2384 precibus’
667 2327 865 2369 dixerunt
889 2326 1084 2368 ‘numina
1106 2325 1228 2368 iustis

13 2389 49 2442 3
108 2385 225 2428 victa
246 2383 565 2435 remollescunt,
592 2383 628 2427 si
651 2383 835 2426 flectitur
858 2383 921 2425 ira
945 2383 1139 2425 deorum:

42 2478 57 2498 <
110 2441 199 2492 dic,
222 2440 398 2492 Themi,
422 2455 508 2496 qua
530 2440 699 2498 generis
725 2441 928 2482 damnum
951 2439 1188 2496 reparabile
1211 2439 1346 2482 nostri

20 2509 53 2530 ³*
109 2505 200 2542 arte
223 2497 296 2550 sit,
321 2505 363 2542 et
385 2498 534 2542 mersis
558 2497 624 2540 fer
647 2512 792 2554 opem,
817 2496 1058 2546 mitissima,
1081 2496 1236 2539 rebus.’
1511 2510 1581 2544 380

25 2551 47 2586 ³
105 2562 226 2599 mota
249 2555 331 2598 dea
353 2561 418 2598 est
442 2561 682 2609 sortemque
706 2554 841 2597 dedit:
866 2553 1090 2596 ‘discedite
1114 2553 1272 2611 templo
1566 2567 1568 2569 ’

109 2620 153 2656 et
176 2611 315 2656 velate
337 2618 466 2668 caput
489 2611 734 2666 cinctasque
757 2610 954 2654 resolvite
979 2617 1117 2654 vestes

27 2670 47 2694 ³
109 2682 293 2725 ossaque
315 2675 412 2726 post
434 2675 603 2725 tergum
626 2683 809 2724 magnae
832 2667 984 2721 iactate
1009 2666 1224 2724 parentis.’

11 2729 47 2770 ‚jv
109 2725 220 2769 obsti
251 2740 353 2770 uere
377 2725 470 2776 diu3
494 2724 738 2782 rumpitque
762 2724 928 2767 silentia.
951 2739 1055 2768 voce
1353 2776 1360 2782 Ο

0 2807 15 2839 ῃ
107 2741 279 2840 Pyrrfia
301 2782 417 2841 prior
438 2782 650 2839 iussisque
674 2782 779 2826 deae
803 2796 951 2839 parere
975 2788 1157 2832 recusat,
1349 2800 1353 2803 ’
1510 2795 1577 2828 385

35 1943 54 1993 u»
21 1378 62 1926 vrwwrfflsswm÷-fflx
39 1252 42 1253 =
35 1231 38 1234 «
41 1151 43 1155 ⁷
30 909 39 925 ²·
48 881 53 886 ,
33 835 36 847 ⁴*
32 767 48 802 *z
