1774 3256
393 266 448 308 70
831 274 876 309 P.
903 274 1068 311 OVIDII
1090 273 1305 312 NASONIS
1759 282 1774 321 ‘ss‘

391 363 454 397 ter
476 354 637 410 gelidas
661 355 834 404 Arctos,
859 362 923 396 ter
946 353 1100 397 Cancri
1123 355 1318 398 bracchia
1340 356 1462 408 vidit3

299 424 366 456 625
391 426 516 466 saepe
541 410 620 452 sub
645 425 837 459 occasus,
863 425 988 466 saepe
1012 420 1076 453 est
1099 411 1263 454 ablatus
1286 412 1330 454 in
1354 422 1503 456 ortus..
1768 451 1774 470 1

389 466 557 520 iamque
582 466 757 509 cadente
781 467 867 515 die,
893 467 1048 509 veritus
1072 483 1116 510 se
1140 468 1308 511 credere
1331 469 1457 520 nocti,
1771 471 1774 473 ’

390 523 572 564 constitit
598 523 827 578 Hesperio,
852 523 992 579 regnis
1017 524 1221 574 Atlantis,
1245 525 1288 566 in
1312 525 1413 568 orbe

389 579 671 634 exiguamque
695 579 802 634 petit
823 579 1029 634 requiem,
1055 580 1154 622 dum
1179 580 1355 624 Lucifer
1376 581 1497 638 ignes

389 643 535 677 evocet
558 635 771 685 Aurorae,
797 650 943 678 currus
967 636 1137 678 Aurora
1159 637 1343 679 diurnos.

297 704 365 737 630
388 691 456 733 hic
479 692 697 733 hominum
722 700 893 734 cunctos
917 692 1077 748 ingenti
1101 707 1274 749 corpore
1298 701 1514 749 praestans
1606 706 1746 751 (Atlas.)

387 747 669 804 Iapetionides
694 749 818 790 Atlas
842 749 934 790 fuit.
994 749 1140 791 ultima
1165 751 1287 792 tellus

389 819 489 859 rege
514 804 593 846 sub
618 804 697 846 hoc
722 813 762 846 et
785 813 939 860 pontus
964 814 1071 855 erat3
1097 806 1170 860 qui
1196 805 1306 849 Solis
1330 806 1490 849 anhelis

387 875 570 914 aequora
594 861 736 902 subdit
759 861 878 915 equis
902 869 943 904 et
966 862 1100 904 fessos
1123 863 1278 918 excipit
1301 878 1414 905 axes.

386 916 499 959 mille
522 932 673 973 greges
698 917 759 959 illi
783 918 1039 972 totidemque
1064 928 1251 961 armenta
1273 934 1350 974 per
1372 919 1524 962 herbas

296 986 361 1017 635
387 973 599 1023 errabant,
624 982 666 1015 et
688 974 864 1015 humum
888 974 1040 1016 vicinia
1063 975 1178 1016 nulla
1200 975 1461 1030 premebant.

387 1029 586 1072 arboreae
611 1030 781 1072 frondes
806 1045 908 1072 auro
932 1031 1121 1073 radiante
1145 1031 1324 1073 nitentes

386 1101 438 1127 ex
462 1101 564 1127 auro
588 1101 746 1135 ramos,
772 1102 824 1129 ex
848 1101 950 1128 auro
974 1102 1101 1143 poma
1123 1087 1336 1143 tegebant.

385 1142 584 1197 ‘hospeS‚’
609 1143 667 1184 ait
689 1142 873 1185 Perseus
897 1143 970 1193 illi,
996 1148 1089 1186 ‘seu
1113 1144 1247 1199 gloria
1270 1144 1406 1200 tangit

384 1206 426 1240 te
450 1198 615 1253 generis
639 1199 801 1254 magni:
826 1200 993 1255 generis
1016 1200 1120 1242 mihi
1142 1200 1334 1255 Iuppiter
1356 1209 1521 1252 auctor3

294 1266 360 1297 640
385 1254 472 1307 sive
497 1269 541 1296 es
565 1255 737 1296 mirator
759 1270 917 1297 rerum:
941 1256 1147 1299 mirabere
1170 1264 1346 1299 nostras,

383 1311 610 1366 hospitium
634 1312 905 1366 requiemque
929 1312 1053 1367 peto!
1111 1327 1272 1355 memor
1294 1313 1364 1356 ille
1387 1321 1578 1358 vetustae

385 1367 506 1408 sortis
531 1375 619 1409 erat
642 1367 835 1421 (Themis
860 1368 968 1410 hanc
992 1369 1165 1411 dederat
1186 1369 1392 1412 Parnasia
1416 1372 1610 1428 sortem):

384 1427 588 1478 ‘tempus‚
613 1424 734 1474 Atla,
759 1425 917 1474 veniet,
942 1434 1015 1466 tua
1039 1424 1124 1480 quo
1149 1426 1396 1481 spoliabitur
1417 1441 1520 1469 auro

382 1479 519 1529 arbor,
545 1488 587 1522 et
610 1480 722 1522 hunc
746 1482 927 1536 praedae
952 1482 1119 1523 titulum
1143 1482 1246 1524 Iove
1269 1490 1394 1525 natus
1416 1482 1616 1527 habebit-⁹

292 1547 357 1579 645
381 1535 424 1577 id
448 1544 638 1579 metuens
663 1537 806 1579 solidis
830 1539 1018 1593 pomaria
1042 1539 1249 1580 clauserat
1271 1539 1395 1581 Atlas

381 1592 600 1634 moenibus
625 1600 666 1635 et
690 1602 810 1636 vasto
836 1594 1007 1636 dederat
1032 1595 1238 1637 servanda
1261 1595 1446 1646 draconi,

381 1649 633 1703 arcebatque
659 1650 744 1692 suis
769 1658 964 1694 externos
988 1651 1143 1693 finibus
1167 1666 1326 1694 omnes.

380 1704 479 1747 huic
502 1719 671 1759 quoque
697 1707 823 1748 ‘vade
846 1708 1014 1762 procul,
1038 1722 1092 1749 ne
1116 1708 1240 1764 longe
1263 1708 1399 1764 gloria
1422 1724 1576 1762 rerum,

380 1775 507 1815 quam
531 1762 743 1812 mentiris‚’
768 1763 827 1804 ait
852 1764 993 1818 ‘longe
1017 1763 1094 1805 tibi
1117 1764 1308 1820 Iuppiter
1330 1765 1466 1815 absit:

288 1829 354 1861 650
380 1817 549 1871 vimque
572 1818 696 1860 minis
720 1819 837 1860 addit
860 1820 1139 1874 manibusque
1164 1821 1372 1876 expellere
1396 1829 1573 1878 temptat

378 1882 644 1915 cunctantem
670 1882 710 1916 et
735 1875 909 1930 placidis
933 1877 1178 1919 miscentem
1201 1877 1327 1920 fortia
1351 1877 1486 1920 dictis.

377 1930 536 1972 viribus
560 1930 732 1973 inferior
753 1955 810 1961 ——
833 1932 927 1986 quis
952 1932 1063 1974 enim
1088 1948 1164 1988 par
1191 1941 1302 1976 esset
1324 1933 1510 1977 Atlantis

376 1986 561 2028 viribus?
583 2010 641 2016 —
666 1991 725 2028 ‘at
748 1988 949 2041 quoniam
972 1989 1091 2044 parvi
1115 1989 1192 2031 tibi
1215 1990 1352 2045 gratia
1374 1998 1518 2034 nostra
1541 1999 1618 2042 est,

376 2043 518 2097 accipe
543 2043 733 2085 munusl’
759 2044 835 2086 ait:
860 2045 1063 2099 laevaque
1088 2061 1114 2087 a
1135 2055 1254 2101 parte
1277 2046 1487 2090 Medusae

286 2110 350 2142 655
375 2098 466 2154 ipse
490 2108 600 2141 retro
627 2115 771 2142 versus
797 2101 1032 2155 squalentia
1054 2102 1228 2158 protulit
1251 2116 1337 2144 ora.

375 2162 558 2208 quantus
583 2163 690 2206 erat,
715 2171 836 2198 mons
861 2157 997 2200 factus
1026 2158 1158 2200 Atlas.
1206 2174 1305 2201 nam
1328 2159 1461 2202 barba
1484 2174 1713 2217 comaeque

373 2211 417 2252 in
442 2211 568 2253 silvas
593 2212 768 2263 abeunt,
793 2213 894 2269 iuga
918 2222 1015 2256 sunt
1038 2215 1256 2269 umerique
1281 2230 1516 2271 manusque
1523 2234 1535 2268 ;

373 2268 488 2321 quod
512 2276 639 2323 caput
662 2276 758 2311 ante
782 2269 880 2319 fuit,
906 2285 1070 2312 summo
1094 2279 1157 2314 est
1180 2271 1225 2313 in
1248 2279 1391 2315 monte
1415 2287 1616 2316 cacumen
1624 2291 1636 2324 ;

374 2338 469 2366 ossa
491 2324 597 2379 lapis
622 2325 740 2367 fiunt.
800 2334 890 2368 tum
913 2335 1053 2382 partes
1078 2334 1226 2370 auctus
1250 2327 1293 2370 in
1316 2342 1463 2371 omnes

284 2391 350 2423 660
375 2380 505 2422 crevit
527 2380 569 2422 in
596 2381 847 2423 immensum
870 2406 930 2413 -
952 2384 1031 2433 sic,
1056 2383 1118 2433 di,
1144 2384 1346 2426 statuistis
1369 2408 1427 2415 —
1449 2393 1491 2428 et
1515 2400 1639 2429 omne

374 2451 470 2478 cum
494 2444 556 2478 tot
580 2438 787 2480 sideribus
813 2439 976 2481 caelum
1000 2439 1208 2494 requievit
1229 2440 1273 2482 in
1296 2440 1382 2483 illo.

430 2491 653 2535 Clauserat
677 2495 941 2550 Hippotades
966 2503 1134 2538 aeterno
1159 2510 1326 2539 carcere
1350 2508 1509 2549 ventos,
1580 2498 1732 2541 (Andro-

372 2549 692 2604 admonitorque
718 2565 894 2606 operum
919 2553 1034 2594 caelo
1059 2552 1312 2595 clarissimus
1335 2554 1419 2596 alto
1594 2545 1717 2588 meda.)
1753 2604 1755 2606 ¹

371 2605 548 2647 Lucifer
572 2617 687 2648 ortus
713 2615 813 2649 erat.
872 2608 1020 2663 pennis
1044 2609 1148 2665 ligat
1170 2609 1239 2652 ille
1263 2610 1486 2666 resumptis

282 2672 346 2704 665
372 2669 490 2716 parte
515 2661 569 2703 ab
593 2671 770 2716 utraque
795 2664 923 2719 pedes
948 2665 1114 2719 teloque
1138 2666 1371 2721 accingitur
1394 2681 1503 2712 unco

372 2726 413 2759 et
436 2717 641 2771 liquidum
667 2719 790 2760 motis
815 2721 1016 2762 talaribus
1040 2725 1138 2763 ae'ra
1161 2722 1294 2764 findit.

370 2773 567 2828 gentibus
592 2774 820 2818 innumeris
847 2776 1087 2832 circumque
1111 2777 1303 2833 infraque
1327 2779 1481 2822 relictis
