<?xml version="1.0" encoding="UTF-8"?>
<!DOCTYPE html PUBLIC "-//W3C//DTD XHTML 1.0 Transitional//EN"
    "http://www.w3.org/TR/xhtml1/DTD/xhtml1-transitional.dtd">
<html xmlns="http://www.w3.org/1999/xhtml" xml:lang="en" lang="en">
 <head>
  <title>
</title>
<meta http-equiv="Content-Type" content="text/html;charset=utf-8" />
  <meta name='ocr-system' content='tesseract 3.04.00' />
  <meta name='ocr-capabilities' content='ocr_page ocr_carea ocr_par ocr_line ocrx_word'/>
</head>
<body>
  <div class='ocr_page' id='page_1' title='image "./carminao02oviduoft_0159.png"; bbox 0 0 1786 3242; ppageno 0'>
   <div class='ocr_carea' id='block_1_1' title="bbox 26 0 112 232">
    <p class='ocr_par' dir='ltr' id='par_1_1' title="bbox 26 0 112 232">
     <span class='ocr_line' id='line_1_1' title="bbox 26 0 112 232; baseline 0 -15"><span class='ocrx_word' id='word_1_1' title='bbox 26 0 112 232; x_wconf 54' lang='grc' dir='ltr'><strong><em>ἶ</em></strong></span> 
     </span>
    </p>
   </div>
   <div class='ocr_carea' id='block_1_2' title="bbox 26 582 59 953">
    <p class='ocr_par' dir='ltr' id='par_1_2' title="bbox 26 582 59 953">
     <span class='ocr_line' id='line_1_2' title="bbox 26 582 59 953; textangle 90"><span class='ocrx_word' id='word_1_2' title='bbox 31 935 47 953; x_wconf 56' lang='lat' dir='ltr'><strong>u]</strong></span> <span class='ocrx_word' id='word_1_3' title='bbox 26 762 59 925; x_wconf 38' lang='grc' dir='ltr'><strong>ζςῑῖῖιρβικθξμ</strong></span> <span class='ocrx_word' id='word_1_4' title='bbox 28 724 49 748; x_wconf 45' lang='grc' dir='ltr'><strong>«ᾗ.</strong></span> <span class='ocrx_word' id='word_1_5' title='bbox 30 707 46 715; x_wconf 69' lang='grc' dir='ltr'><strong>Γ·</strong></span> <span class='ocrx_word' id='word_1_6' title='bbox 28 671 44 699; x_wconf 61' lang='lat' dir='ltr'><strong>u·</strong></span> <span class='ocrx_word' id='word_1_7' title='bbox 35 656 51 659; x_wconf 60' lang='grc' dir='ltr'><strong>χ</strong></span> <span class='ocrx_word' id='word_1_8' title='bbox 31 629 52 648; x_wconf 48' lang='lat'><strong>⁴2¹?</strong></span> <span class='ocrx_word' id='word_1_9' title='bbox 34 582 51 620; x_wconf 52' lang='lat'><strong>25:3-</strong></span> 
     </span>
    </p>
   </div>
   <div class='ocr_carea' id='block_1_3' title="bbox 317 251 1267 293">
    <p class='ocr_par' dir='ltr' id='par_1_3' title="bbox 317 251 1267 293">
     <span class='ocr_line' id='line_1_3' title="bbox 317 251 1267 293; baseline 0.003 -5"><span class='ocrx_word' id='word_1_10' title='bbox 317 251 814 291; x_wconf 78' lang='lat' dir='ltr'>METAMORPHOSEON</span> <span class='ocrx_word' id='word_1_11' title='bbox 835 254 933 290; x_wconf 89' lang='lat' dir='ltr'>LIB.</span> <span class='ocrx_word' id='word_1_12' title='bbox 961 255 1046 292; x_wconf 88' lang='lat' dir='ltr'>VII.</span> <span class='ocrx_word' id='word_1_13' title='bbox 1073 255 1267 293; x_wconf 85' lang='grc'><strong>702-789.</strong></span> 
     </span>
    </p>
   </div>
   <div class='ocr_carea' id='block_1_4' title="bbox 102 333 1299 901">
    <p class='ocr_par' dir='ltr' id='par_1_4' title="bbox 107 333 1109 392">
     <span class='ocr_line' id='line_1_4' title="bbox 107 333 1109 392; baseline -0.002 -12"><span class='ocrx_word' id='word_1_14' title='bbox 107 333 322 380; x_wconf 73' lang='lat' dir='ltr'><strong>montibus</strong></span> <span class='ocrx_word' id='word_1_15' title='bbox 346 333 532 385; x_wconf 87' lang='lat' dir='ltr'><strong>errabat,</strong></span> <span class='ocrx_word' id='word_1_16' title='bbox 558 335 707 377; x_wconf 87' lang='lat' dir='ltr'><strong>studiis</strong></span> <span class='ocrx_word' id='word_1_17' title='bbox 731 342 905 392; x_wconf 89' lang='lat' dir='ltr'><strong>operata</strong></span> <span class='ocrx_word' id='word_1_18' title='bbox 927 335 1109 380; x_wconf 87' lang='lat' dir='ltr'><strong>Dianae.</strong></span> 
     </span>
    </p>

    <p class='ocr_par' dir='ltr' id='par_1_5' title="bbox 104 389 1229 563">
     <span class='ocr_line' id='line_1_5' title="bbox 105 389 1097 449; baseline 0 -13"><span class='ocrx_word' id='word_1_19' title='bbox 105 398 197 436; x_wconf 75' lang='lat' dir='ltr'><strong>tum</strong></span> <span class='ocrx_word' id='word_1_20' title='bbox 219 389 326 433; x_wconf 84' lang='lat' dir='ltr'><strong>mihi</strong></span> <span class='ocrx_word' id='word_1_21' title='bbox 348 390 517 434; x_wconf 88' lang='lat' dir='ltr'><strong>deserto</strong></span> <span class='ocrx_word' id='word_1_22' title='bbox 541 391 764 434; x_wconf 84' lang='lat' dir='ltr'><strong>violentior</strong></span> <span class='ocrx_word' id='word_1_23' title='bbox 785 392 897 449; x_wconf 90' lang='lat' dir='ltr'><strong>ignis</strong></span> <span class='ocrx_word' id='word_1_24' title='bbox 922 393 976 435; x_wconf 88' lang='lat' dir='ltr'><strong>ad</strong></span> <span class='ocrx_word' id='word_1_25' title='bbox 1001 408 1097 436; x_wconf 90' lang='lat' dir='ltr'><strong>ossa</strong></span> 
     </span>
     <span class='ocr_line' id='line_1_6' title="bbox 106 446 1229 507; baseline 0.003 -17"><span class='ocrx_word' id='word_1_26' title='bbox 106 446 311 507; x_wconf 81' lang='lat' dir='ltr'><strong>pervenit.</strong></span> <span class='ocrx_word' id='word_1_27' title='bbox 369 447 545 490; x_wconf 83' lang='lat' dir='ltr'><strong>orabam</strong></span> <span class='ocrx_word' id='word_1_28' title='bbox 569 448 737 490; x_wconf 90' lang='lat' dir='ltr'><strong>veniam</strong></span> <span class='ocrx_word' id='word_1_29' title='bbox 761 457 804 491; x_wconf 88' lang='lat' dir='ltr'><strong>et</strong></span> <span class='ocrx_word' id='word_1_30' title='bbox 827 464 1025 505; x_wconf 78' lang='lat' dir='ltr'>peccasse</span> <span class='ocrx_word' id='word_1_31' title='bbox 1049 450 1229 501; x_wconf 87' lang='lat' dir='ltr'><strong>fatebar,</strong></span> 
     </span>
     <span class='ocr_line' id='line_1_7' title="bbox 104 503 1117 563; baseline -0.001 -13"><span class='ocrx_word' id='word_1_32' title='bbox 104 503 357 562; x_wconf 76' lang='lat' dir='ltr'><strong>et‘potuisse</strong></span> <span class='ocrx_word' id='word_1_33' title='bbox 381 503 490 547; x_wconf 85' lang='lat' dir='ltr'><strong>datis</strong></span> <span class='ocrx_word' id='word_1_34' title='bbox 515 504 642 547; x_wconf 83' lang='lat' dir='ltr'>simili</span> <span class='ocrx_word' id='word_1_35' title='bbox 666 506 943 549; x_wconf 79' lang='lat' dir='ltr'><strong>succumbere</strong></span> <span class='ocrx_word' id='word_1_36' title='bbox 967 507 1117 563; x_wconf 87' lang='lat' dir='ltr'><strong>culpae</strong></span> 
     </span>
    </p>

    <p class='ocr_par' dir='ltr' id='par_1_6' title="bbox 102 561 1299 732">
     <span class='ocr_line' id='line_1_8' title="bbox 104 561 1299 616; baseline 0.002 -11"><span class='ocrx_word' id='word_1_37' title='bbox 104 574 174 605; x_wconf 78' lang='lat' dir='ltr'><strong>mo</strong></span> <span class='ocrx_word' id='word_1_38' title='bbox 195 573 367 616; x_wconf 89' lang='lat' dir='ltr'><strong>quoque</strong></span> <span class='ocrx_word' id='word_1_39' title='bbox 389 561 658 611; x_wconf 87' lang='lat' dir='ltr'><strong>muneribus,</strong></span> <span class='ocrx_word' id='word_1_40' title='bbox 683 562 718 604; x_wconf 90' lang='lat' dir='ltr'><strong>si</strong></span> <span class='ocrx_word' id='word_1_41' title='bbox 742 577 919 605; x_wconf 89' lang='lat' dir='ltr'><strong>munera</strong></span> <span class='ocrx_word' id='word_1_42' title='bbox 943 570 1060 606; x_wconf 89' lang='lat' dir='ltr'><strong>tanta</strong></span> <span class='ocrx_word' id='word_1_43' title='bbox 1084 564 1299 607; x_wconf 89' lang='lat' dir='ltr'><strong>darentur.</strong></span> 
     </span>
     <span class='ocr_line' id='line_1_9' title="bbox 102 616 1246 676; baseline 0.001 -14"><span class='ocrx_word' id='word_1_44' title='bbox 102 616 211 662; x_wconf 59' lang='lat' dir='ltr'><strong>haee</strong></span> <span class='ocrx_word' id='word_1_45' title='bbox 231 617 336 660; x_wconf 86' lang='lat' dir='ltr'><strong>mihi</strong></span> <span class='ocrx_word' id='word_1_46' title='bbox 362 617 555 661; x_wconf 88' lang='lat' dir='ltr'><strong>confesso</strong></span> <span class='ocrx_word' id='word_1_47' title='bbox 584 618 747 660; x_wconf 90' lang='lat' dir='ltr'><strong>laesum</strong></span> <span class='ocrx_word' id='word_1_48' title='bbox 771 619 888 675; x_wconf 89' lang='lat' dir='ltr'><strong>prius</strong></span> <span class='ocrx_word' id='word_1_49' title='bbox 911 620 1002 662; x_wconf 87' lang='lat' dir='ltr'><strong>ulta</strong></span> <span class='ocrx_word' id='word_1_50' title='bbox 1025 621 1246 676; x_wconf 88' lang='lat' dir='ltr'><strong>pudorem,</strong></span> 
     </span>
     <span class='ocr_line' id='line_1_10' title="bbox 103 673 1140 732; baseline 0.002 -15"><span class='ocrx_word' id='word_1_51' title='bbox 103 673 294 718; x_wconf 70' lang='lat' dir='ltr'><strong>redditur</strong></span> <span class='ocrx_word' id='word_1_52' title='bbox 316 680 360 717; x_wconf 87' lang='lat' dir='ltr'><strong>et</strong></span> <span class='ocrx_word' id='word_1_53' title='bbox 382 674 528 717; x_wconf 82' lang='lat' dir='ltr'><strong>dulces</strong></span> <span class='ocrx_word' id='word_1_54' title='bbox 552 675 816 718; x_wconf 85' lang='lat' dir='ltr'><strong>concorditer</strong></span> <span class='ocrx_word' id='word_1_55' title='bbox 839 676 970 732; x_wconf 86' lang='lat' dir='ltr'><strong>exigit</strong></span> <span class='ocrx_word' id='word_1_56' title='bbox 994 691 1140 719; x_wconf 88' lang='lat' dir='ltr'><strong>annos.</strong></span> 
     </span>
    </p>

    <p class='ocr_par' dir='ltr' id='par_1_7' title="bbox 102 729 1287 901">
     <span class='ocr_line' id='line_1_11' title="bbox 103 729 1227 788; baseline 0.002 -13"><span class='ocrx_word' id='word_1_57' title='bbox 103 729 178 775; x_wconf 71' lang='lat' dir='ltr'><strong>dat</strong></span> <span class='ocrx_word' id='word_1_58' title='bbox 199 729 303 773; x_wconf 91' lang='lat' dir='ltr'><strong>mihi</strong></span> <span class='ocrx_word' id='word_1_59' title='bbox 325 738 565 787; x_wconf 87' lang='lat' dir='ltr'><strong>praeterea,</strong></span> <span class='ocrx_word' id='word_1_60' title='bbox 590 739 792 786; x_wconf 84' lang='lat' dir='ltr'><strong>tanquam</strong></span> <span class='ocrx_word' id='word_1_61' title='bbox 817 747 863 774; x_wconf 86' lang='lat' dir='ltr'><strong>se</strong></span> <span class='ocrx_word' id='word_1_62' title='bbox 887 748 1019 788; x_wconf 88' lang='lat' dir='ltr'><strong>parva</strong></span> <span class='ocrx_word' id='word_1_63' title='bbox 1042 734 1227 777; x_wconf 80' lang='lat' dir='ltr'><strong>dedisset</strong></span> 
     </span>
     <span class='ocr_line' id='line_1_12' title="bbox 102 787 1278 842; baseline 0.004 -13"><span class='ocrx_word' id='word_1_64' title='bbox 102 787 236 838; x_wconf 84' lang='lat' dir='ltr'><strong>dona,</strong></span> <span class='ocrx_word' id='word_1_65' title='bbox 259 801 410 830; x_wconf 87' lang='lat' dir='ltr'><strong>canem</strong></span> <span class='ocrx_word' id='word_1_66' title='bbox 433 802 608 830; x_wconf 86' lang='lat' dir='ltr'><strong>munus:</strong></span> <span class='ocrx_word' id='word_1_67' title='bbox 634 802 761 842; x_wconf 91' lang='lat' dir='ltr'><strong>quem</strong></span> <span class='ocrx_word' id='word_1_68' title='bbox 786 803 884 830; x_wconf 85' lang='lat' dir='ltr'><strong>eum</strong></span> <span class='ocrx_word' id='word_1_69' title='bbox 908 804 987 831; x_wconf 87' lang='lat' dir='ltr'><strong>sua</strong></span> <span class='ocrx_word' id='word_1_70' title='bbox 1010 790 1194 833; x_wconf 88' lang='lat' dir='ltr'><strong>traderet</strong></span> <span class='ocrx_word' id='word_1_71' title='bbox 1217 791 1278 834; x_wconf 93' lang='lat' dir='ltr'><strong>illi</strong></span> 
     </span>
     <span class='ocr_line' id='line_1_13' title="bbox 103 841 1287 901; baseline 0.003 -13"><span class='ocrx_word' id='word_1_72' title='bbox 103 841 311 901; x_wconf 79' lang='lat' dir='ltr'><strong>Cynthia,</strong></span> <span class='ocrx_word' id='word_1_73' title='bbox 337 844 579 887; x_wconf 89' lang='lat' dir='ltr'><strong>“currendo</strong></span> <span class='ocrx_word' id='word_1_74' title='bbox 603 845 851 900; x_wconf 87' lang='lat' dir='ltr'><strong>superabit&#39;’</strong></span> <span class='ocrx_word' id='word_1_75' title='bbox 876 845 1040 888; x_wconf 86' lang='lat' dir='ltr'><strong>dixerat</strong></span> <span class='ocrx_word' id='word_1_76' title='bbox 1065 848 1287 891; x_wconf 88' lang='lat' dir='ltr'><strong>“omnes.”</strong></span> 
     </span>
    </p>
   </div>
   <div class='ocr_carea' id='block_1_5' title="bbox 1397 246 1482 291">
    <p class='ocr_par' dir='ltr' id='par_1_8' title="bbox 1397 246 1482 291">
     <span class='ocr_line' id='line_1_14' title="bbox 1397 246 1482 291; baseline 0.012 -1"><span class='ocrx_word' id='word_1_77' title='bbox 1397 247 1420 290; x_wconf 73' lang='lat'><strong>&#39;1</strong></span> <span class='ocrx_word' id='word_1_78' title='bbox 1426 246 1482 291; x_wconf 83' lang='lat'><strong>23</strong></span> 
     </span>
    </p>
   </div>
   <div class='ocr_carea' id='block_1_6' title="bbox 43 899 1426 1059">
    <p class='ocr_par' dir='ltr' id='par_1_9' title="bbox 32 899 1426 1059">
     <span class='ocr_line' id='line_1_15' title="bbox 101 899 1426 960; baseline 0.004 -16"><span class='ocrx_word' id='word_1_79' title='bbox 101 900 178 944; x_wconf 76' lang='lat' dir='ltr'><strong>dat</strong></span> <span class='ocrx_word' id='word_1_80' title='bbox 199 899 326 943; x_wconf 84' lang='lat' dir='ltr'><strong>simul</strong></span> <span class='ocrx_word' id='word_1_81' title='bbox 348 907 391 943; x_wconf 89' lang='lat' dir='ltr'><strong>et</strong></span> <span class='ocrx_word' id='word_1_82' title='bbox 414 900 619 951; x_wconf 89' lang='lat' dir='ltr'><strong>iaculum,</strong></span> <span class='ocrx_word' id='word_1_83' title='bbox 643 902 840 944; x_wconf 84' lang='lat' dir='ltr'><strong>manibus</strong></span> <span class='ocrx_word' id='word_1_84' title='bbox 865 903 980 957; x_wconf 92' lang='lat' dir='ltr'><strong>quod</strong></span> <span class='ocrx_word' id='word_1_85' title='bbox 1004 902 1181 960; x_wconf 88' lang='lat' dir='ltr'><strong>(cernis)</strong></span> <span class='ocrx_word' id='word_1_86' title='bbox 1205 905 1426 949; x_wconf 89' lang='lat' dir='ltr'><strong>habemus.</strong></span> 
     </span>
     <span class='ocr_line' id='line_1_16' title="bbox 101 957 1116 1014; baseline 0 -12"><span class='ocrx_word' id='word_1_87' title='bbox 101 957 288 1001; x_wconf 85' lang='lat' dir='ltr'><strong>muneris</strong></span> <span class='ocrx_word' id='word_1_88' title='bbox 311 957 484 1000; x_wconf 83' lang='lat' dir='ltr'><strong>alterius</strong></span> <span class='ocrx_word' id='word_1_89' title='bbox 509 971 620 1013; x_wconf 88' lang='lat' dir='ltr'><strong>quae</strong></span> <span class='ocrx_word' id='word_1_90' title='bbox 643 958 696 1000; x_wconf 90' lang='lat' dir='ltr'><strong>sit</strong></span> <span class='ocrx_word' id='word_1_91' title='bbox 721 958 891 1001; x_wconf 90' lang='lat' dir='ltr'><strong>fortuna</strong></span> <span class='ocrx_word' id='word_1_92' title='bbox 914 959 1116 1014; x_wconf 86' lang='lat' dir='ltr'><strong>requiris?</strong></span> 
     </span>
     <span class='ocr_line' id='line_1_17' title="bbox 43 1013 1097 1059; baseline 0.001 -1"><span class='ocrx_word' id='word_1_93' title='bbox 43 1019 51 1030; x_wconf 81' lang='grc'><strong>·’</strong></span> <span class='ocrx_word' id='word_1_94' title='bbox 100 1013 191 1058; x_wconf 66' lang='lat' dir='ltr'><strong>toci</strong></span> <span class='ocrx_word' id='word_1_95' title='bbox 222 1029 260 1057; x_wconf 89' lang='lat' dir='ltr'><strong>e.</strong></span> <span class='ocrx_word' id='word_1_96' title='bbox 317 1013 499 1057; x_wconf 90' lang='lat' dir='ltr'><strong>mirandi</strong></span> <span class='ocrx_word' id='word_1_97' title='bbox 522 1014 709 1058; x_wconf 90' lang='lat' dir='ltr'><strong>novitate</strong></span> <span class='ocrx_word' id='word_1_98' title='bbox 733 1015 958 1059; x_wconf 88' lang='lat' dir='ltr'><strong>movebere</strong></span> <span class='ocrx_word' id='word_1_99' title='bbox 983 1016 1097 1059; x_wconf 88' lang='lat' dir='ltr'><strong>facti.</strong></span> 
     </span>
    </p>
   </div>
   <div class='ocr_carea' id='block_1_7' title="bbox 198 1070 1132 1129">
    <p class='ocr_par' dir='ltr' id='par_1_10' title="bbox 198 1070 1132 1129">
     <span class='ocr_line' id='line_1_18' title="bbox 198 1070 1132 1129; baseline 0.002 -15"><span class='ocrx_word' id='word_1_100' title='bbox 198 1070 363 1114; x_wconf 83' lang='lat' dir='ltr'><strong>armina</strong></span> <span class='ocrx_word' id='word_1_101' title='bbox 386 1070 572 1114; x_wconf 79' lang='lat' dir='ltr'><strong>Laiades</strong></span> <span class='ocrx_word' id='word_1_102' title='bbox 595 1086 682 1114; x_wconf 90' lang='lat' dir='ltr'><strong>non</strong></span> <span class='ocrx_word' id='word_1_103' title='bbox 705 1072 919 1115; x_wconf 88' lang='lat' dir='ltr'><strong>intellecta</strong></span> <span class='ocrx_word' id='word_1_104' title='bbox 943 1074 1132 1129; x_wconf 90' lang='lat' dir='ltr'><strong>priorum</strong></span> 
     </span>
    </p>
   </div>
   <div class='ocr_carea' id='block_1_8' title="bbox 48 1127 1066 1195">
    <p class='ocr_par' dir='ltr' id='par_1_11' title="bbox 48 1127 1066 1195">
     <span class='ocr_line' id='line_1_19' title="bbox 48 1127 1066 1195; baseline 0.003 -25"><span class='ocrx_word' id='word_1_105' title='bbox 48 1158 52 1162; x_wconf 61' lang='grc'><strong>»</strong></span> <span class='ocrx_word' id='word_1_106' title='bbox 99 1127 286 1195; x_wconf 61' lang='lat' dir='ltr'><strong>solverat</strong></span> <span class='ocrx_word' id='word_1_107' title='bbox 307 1127 508 1184; x_wconf 87' lang='lat' dir='ltr'><strong>ingeniis,</strong></span> <span class='ocrx_word' id='word_1_108' title='bbox 533 1136 576 1171; x_wconf 89' lang='lat' dir='ltr'><strong>et</strong></span> <span class='ocrx_word' id='word_1_109' title='bbox 599 1129 876 1185; x_wconf 86' lang='lat' dir='ltr'><strong>praecipitata</strong></span> <span class='ocrx_word' id='word_1_110' title='bbox 898 1130 1066 1173; x_wconf 86' lang='lat' dir='ltr'><strong>iacebat</strong></span> 
     </span>
    </p>
   </div>
   <div class='ocr_carea' id='block_1_9' title="bbox 99 1185 1133 1241">
    <p class='ocr_par' dir='ltr' id='par_1_12' title="bbox 99 1185 1133 1241">
     <span class='ocr_line' id='line_1_20' title="bbox 99 1185 1133 1241; baseline 0.003 -14"><span class='ocrx_word' id='word_1_111' title='bbox 99 1198 322 1227; x_wconf 75' lang='lat' dir='ltr'><strong>immemor</strong></span> <span class='ocrx_word' id='word_1_112' title='bbox 343 1185 575 1241; x_wconf 86' lang='lat' dir='ltr'><strong>ambagum</strong></span> <span class='ocrx_word' id='word_1_113' title='bbox 599 1194 717 1228; x_wconf 89' lang='lat' dir='ltr'><strong>vates</strong></span> <span class='ocrx_word' id='word_1_114' title='bbox 742 1186 923 1228; x_wconf 88' lang='lat' dir='ltr'><strong>obscura</strong></span> <span class='ocrx_word' id='word_1_115' title='bbox 947 1202 1133 1230; x_wconf 88' lang='lat' dir='ltr'><strong>suarum.</strong></span> 
     </span>
    </p>
   </div>
   <div class='ocr_carea' id='block_1_10' title="bbox 36 1240 1113 1366">
    <p class='ocr_par' dir='ltr' id='par_1_13' title="bbox 26 1232 1113 1366">
     <span class='ocr_line' id='line_1_21' title="bbox 98 1240 1070 1298; baseline 0 -13"><span class='ocrx_word' id='word_1_116' title='bbox 98 1240 291 1298; x_wconf 85' lang='lat' dir='ltr'><strong>protinus</strong></span> <span class='ocrx_word' id='word_1_117' title='bbox 314 1241 468 1284; x_wconf 87' lang='lat' dir='ltr'><strong>Aoniis</strong></span> <span class='ocrx_word' id='word_1_118' title='bbox 491 1242 731 1284; x_wconf 85' lang='lat' dir='ltr'><strong>immittitur</strong></span> <span class='ocrx_word' id='word_1_119' title='bbox 754 1244 887 1286; x_wconf 88' lang='lat' dir='ltr'><strong>altera</strong></span> <span class='ocrx_word' id='word_1_120' title='bbox 910 1243 1070 1287; x_wconf 87' lang='lat' dir='ltr'><strong>Thebis</strong></span> 
     </span>
     <span class='ocr_line' id='line_1_22' title="bbox 36 1297 1113 1366; baseline -0.003 -23"><span class='ocrx_word' id='word_1_121' title='bbox 36 1313 44 1318; x_wconf 86' lang='grc'>·</span> <span class='ocrx_word' id='word_1_122' title='bbox 98 1297 249 1355; x_wconf 77' lang='lat' dir='ltr'><strong>pestis,</strong></span> <span class='ocrx_word' id='word_1_123' title='bbox 274 1305 317 1341; x_wconf 89' lang='lat' dir='ltr'><strong>et</strong></span> <span class='ocrx_word' id='word_1_124' title='bbox 339 1298 468 1341; x_wconf 84' lang='lat' dir='ltr'><strong>exitio</strong></span> <span class='ocrx_word' id='word_1_125' title='bbox 491 1299 614 1341; x_wconf 88' lang='lat' dir='ltr'><strong>multi</strong></span> <span class='ocrx_word' id='word_1_126' title='bbox 637 1314 926 1366; x_wconf 70' lang='lat' dir='ltr'><strong>pecorumque</strong></span> <span class='ocrx_word' id='word_1_127' title='bbox 950 1316 1113 1356; x_wconf 86' lang='lat' dir='ltr'><strong>suoque</strong></span> 
     </span>
    </p>
   </div>
   <div class='ocr_carea' id='block_1_11' title="bbox 96 1354 1208 1585">
    <p class='ocr_par' dir='ltr' id='par_1_14' title="bbox 96 1354 1208 1585">
     <span class='ocr_line' id='line_1_23' title="bbox 97 1354 1094 1412; baseline 0.002 -14"><span class='ocrx_word' id='word_1_128' title='bbox 97 1354 323 1411; x_wconf 83' lang='lat' dir='ltr'><strong>rurigenae</strong></span> <span class='ocrx_word' id='word_1_129' title='bbox 345 1369 503 1412; x_wconf 84' lang='lat' dir='ltr'><strong>pavere</strong></span> <span class='ocrx_word' id='word_1_130' title='bbox 526 1355 674 1398; x_wconf 88' lang='lat' dir='ltr'><strong>feram.</strong></span> <span class='ocrx_word' id='word_1_131' title='bbox 734 1357 873 1399; x_wconf 87' lang='lat' dir='ltr'><strong>vicma</strong></span> <span class='ocrx_word' id='word_1_132' title='bbox 896 1366 1094 1400; x_wconf 81' lang='lat' dir='ltr'><strong>iuventus</strong></span> 
     </span>
     <span class='ocr_line' id='line_1_24' title="bbox 98 1411 1112 1471; baseline 0.004 -17"><span class='ocrx_word' id='word_1_133' title='bbox 98 1411 292 1454; x_wconf 83' lang='lat' dir='ltr'><strong>venimus</strong></span> <span class='ocrx_word' id='word_1_134' title='bbox 316 1419 359 1455; x_wconf 91' lang='lat' dir='ltr'><strong>et</strong></span> <span class='ocrx_word' id='word_1_135' title='bbox 381 1412 489 1454; x_wconf 89' lang='lat' dir='ltr'><strong>latos</strong></span> <span class='ocrx_word' id='word_1_136' title='bbox 513 1411 714 1468; x_wconf 87' lang='lat' dir='ltr'><strong>indagine</strong></span> <span class='ocrx_word' id='word_1_137' title='bbox 738 1413 948 1456; x_wconf 83' lang='lat' dir='ltr'><strong>cinximus</strong></span> <span class='ocrx_word' id='word_1_138' title='bbox 973 1429 1112 1471; x_wconf 89' lang='lat' dir='ltr'><strong>agros.</strong></span> 
     </span>
     <span class='ocr_line' id='line_1_25' title="bbox 96 1466 941 1513; baseline 0.004 -3"><span class='ocrx_word' id='word_1_139' title='bbox 96 1466 171 1511; x_wconf 82' lang='lat' dir='ltr'><strong>illa</strong></span> <span class='ocrx_word' id='word_1_140' title='bbox 192 1467 277 1511; x_wconf 85' lang='lat' dir='ltr'><strong>levi</strong></span> <span class='ocrx_word' id='word_1_141' title='bbox 300 1468 426 1511; x_wconf 89' lang='lat' dir='ltr'><strong>velox</strong></span> <span class='ocrx_word' id='word_1_142' title='bbox 449 1484 498 1511; x_wconf 94' lang='lat' dir='ltr'><strong>su</strong></span> <span class='ocrx_word' id='word_1_143' title='bbox 531 1470 678 1512; x_wconf 84' lang='lat' dir='ltr'><strong>erabat</strong></span> <span class='ocrx_word' id='word_1_144' title='bbox 700 1470 807 1513; x_wconf 87' lang='lat' dir='ltr'><strong>retia</strong></span> <span class='ocrx_word' id='word_1_145' title='bbox 831 1471 941 1513; x_wconf 85' lang='lat' dir='ltr'><strong>saltu</strong></span> 
     </span>
     <span class='ocr_line' id='line_1_26' title="bbox 97 1484 1208 1585; baseline 0.004 -17"><span class='ocrx_word' id='word_1_146' title='bbox 97 1538 349 1580; x_wconf 78' lang='lat' dir='ltr'><strong>summaque</strong></span> <span class='ocrx_word' id='word_1_147' title='bbox 373 1484 580 1568; x_wconf 51' lang='lat' dir='ltr'><strong>transibat</strong></span> <span class='ocrx_word' id='word_1_148' title='bbox 603 1527 835 1582; x_wconf 88' lang='lat' dir='ltr'><strong>positarum</strong></span> <span class='ocrx_word' id='word_1_149' title='bbox 859 1528 946 1570; x_wconf 91' lang='lat' dir='ltr'><strong>lina</strong></span> <span class='ocrx_word' id='word_1_150' title='bbox 970 1529 1208 1585; x_wconf 86' lang='lat' dir='ltr'><strong>plagarum.</strong></span> 
     </span>
    </p>
   </div>
   <div class='ocr_carea' id='block_1_12' title="bbox 28 1581 1201 1640">
    <p class='ocr_par' dir='ltr' id='par_1_15' title="bbox 28 1581 1201 1640">
     <span class='ocr_line' id='line_1_27' title="bbox 28 1581 1201 1640; baseline 0.003 -14"><span class='ocrx_word' id='word_1_151' title='bbox 28 1583 37 1626; x_wconf 70' lang='lat' dir='ltr'>J</span> <span class='ocrx_word' id='word_1_152' title='bbox 95 1595 148 1624; x_wconf 87' lang='grc' dir='ltr'><strong>οο</strong></span> <span class='ocrx_word' id='word_1_153' title='bbox 177 1581 251 1624; x_wconf 80' lang='lat' dir='ltr'><strong>ula</strong></span> <span class='ocrx_word' id='word_1_154' title='bbox 273 1581 509 1624; x_wconf 87' lang='lat' dir='ltr'><strong>detrahitur</strong></span> <span class='ocrx_word' id='word_1_155' title='bbox 532 1583 726 1633; x_wconf 86' lang='lat' dir='ltr'><strong>canibus,</strong></span> <span class='ocrx_word' id='word_1_156' title='bbox 751 1599 856 1639; x_wconf 89' lang='lat' dir='ltr'><strong>quas</strong></span> <span class='ocrx_word' id='word_1_157' title='bbox 881 1585 955 1627; x_wconf 89' lang='lat' dir='ltr'><strong>illa</strong></span> <span class='ocrx_word' id='word_1_158' title='bbox 978 1594 1201 1640; x_wconf 87' lang='lat' dir='ltr'><strong>sequentes</strong></span> 
     </span>
    </p>
   </div>
   <div class='ocr_carea' id='block_1_13' title="bbox 7 1636 1034 1696">
    <p class='ocr_par' dir='ltr' id='par_1_16' title="bbox 7 1636 1034 1696">
     <span class='ocr_line' id='line_1_28' title="bbox 7 1636 1034 1696; baseline 0.002 -14"><span class='ocrx_word' id='word_1_159' title='bbox 7 1636 38 1666; x_wconf 47' lang='lat'><strong>&#39;7&#39;</strong></span> <span class='ocrx_word' id='word_1_160' title='bbox 95 1652 121 1682; x_wconf 91' lang='lat' dir='ltr'><strong>e</strong></span> <span class='ocrx_word' id='word_1_161' title='bbox 185 1637 250 1695; x_wconf 85' lang='lat' dir='ltr'><strong>git</strong></span> <span class='ocrx_word' id='word_1_162' title='bbox 272 1645 316 1681; x_wconf 90' lang='lat' dir='ltr'><strong>et</strong></span> <span class='ocrx_word' id='word_1_163' title='bbox 339 1639 465 1681; x_wconf 88' lang='lat' dir='ltr'><strong>celeri</strong></span> <span class='ocrx_word' id='word_1_164' title='bbox 488 1653 574 1682; x_wconf 91' lang='lat' dir='ltr'><strong>non</strong></span> <span class='ocrx_word' id='word_1_165' title='bbox 598 1641 769 1696; x_wconf 90' lang='lat' dir='ltr'><strong>segnior</strong></span> <span class='ocrx_word' id='word_1_166' title='bbox 792 1641 890 1684; x_wconf 87' lang='lat' dir='ltr'><strong>alite</strong></span> <span class='ocrx_word' id='word_1_167' title='bbox 914 1642 1034 1684; x_wconf 89' lang='lat' dir='ltr'><strong>ludit.</strong></span> 
     </span>
    </p>
   </div>
   <div class='ocr_carea' id='block_1_14' title="bbox 19 1695 1272 1812">
    <p class='ocr_par' dir='ltr' id='par_1_17' title="bbox 19 1687 1272 1812">
     <span class='ocr_line' id='line_1_29' title="bbox 19 1695 1242 1755; baseline 0.004 -18"><span class='ocrx_word' id='word_1_168' title='bbox 19 1703 53 1742; x_wconf 61' lang='grc' dir='ltr'>ἓ</span> <span class='ocrx_word' id='word_1_169' title='bbox 94 1709 250 1752; x_wconf 86' lang='lat' dir='ltr'><strong>poscor</strong></span> <span class='ocrx_word' id='word_1_170' title='bbox 270 1702 314 1738; x_wconf 87' lang='lat' dir='ltr'><strong>et</strong></span> <span class='ocrx_word' id='word_1_171' title='bbox 335 1695 427 1752; x_wconf 90' lang='lat' dir='ltr'><strong>ipse</strong></span> <span class='ocrx_word' id='word_1_172' title='bbox 450 1711 594 1739; x_wconf 91' lang='lat' dir='ltr'><strong>meum</strong></span> <span class='ocrx_word' id='word_1_173' title='bbox 617 1711 826 1740; x_wconf 89' lang='lat' dir='ltr'><strong>consensu</strong></span> <span class='ocrx_word' id='word_1_174' title='bbox 850 1698 1042 1755; x_wconf 87' lang='lat' dir='ltr'><strong>Laelapa</strong></span> <span class='ocrx_word' id='word_1_175' title='bbox 1065 1714 1242 1755; x_wconf 83' lang='lat' dir='ltr'><strong>magno:</strong></span> 
     </span>
     <span class='ocr_line' id='line_1_30' title="bbox 94 1751 1272 1812; baseline 0.006 -18.602"><span class='ocrx_word' id='word_1_176' title='bbox 94 1751 283 1795; x_wconf 88' lang='lat' dir='ltr'><strong>muneris</strong></span> <span class='ocrx_word' id='word_1_177' title='bbox 305 1751 388 1794; x_wconf 89' lang='lat' dir='ltr'><strong>hoc</strong></span> <span class='ocrx_word' id='word_1_178' title='bbox 410 1767 579 1795; x_wconf 91' lang='lat' dir='ltr'><strong>nomen.</strong></span> <span class='ocrx_word' id='word_1_179' title='bbox 637 1753 888 1796; x_wconf 90' lang='lat' dir='ltr'><strong>iamdudum</strong></span> <span class='ocrx_word' id='word_1_180' title='bbox 913 1755 1083 1798; x_wconf 87' lang='lat' dir='ltr'><strong>vincula</strong></span> <span class='ocrx_word' id='word_1_181' title='bbox 1105 1765 1272 1812; x_wconf 86' lang='lat' dir='ltr'><strong>pugnat</strong></span> 
     </span>
    </p>
   </div>
   <div class='ocr_carea' id='block_1_15' title="bbox 89 1807 1361 2436">
    <p class='ocr_par' dir='ltr' id='par_1_18' title="bbox 93 1807 1108 1865">
     <span class='ocr_line' id='line_1_31' title="bbox 93 1807 1108 1865; baseline 0.002 -13"><span class='ocrx_word' id='word_1_182' title='bbox 93 1823 251 1852; x_wconf 82' lang='lat' dir='ltr'><strong>exuere</strong></span> <span class='ocrx_word' id='word_1_183' title='bbox 274 1807 366 1865; x_wconf 92' lang='lat' dir='ltr'><strong>ipse</strong></span> <span class='ocrx_word' id='word_1_184' title='bbox 389 1808 490 1859; x_wconf 90' lang='lat' dir='ltr'><strong>sibi,</strong></span> <span class='ocrx_word' id='word_1_185' title='bbox 514 1810 706 1865; x_wconf 90' lang='lat' dir='ltr'><strong>colloque</strong></span> <span class='ocrx_word' id='word_1_186' title='bbox 730 1811 938 1854; x_wconf 83' lang='lat' dir='ltr'><strong>morantia</strong></span> <span class='ocrx_word' id='word_1_187' title='bbox 962 1813 1108 1855; x_wconf 87' lang='lat' dir='ltr'><strong>tendit.</strong></span> 
     </span>
    </p>

    <p class='ocr_par' dir='ltr' id='par_1_19' title="bbox 92 1864 1361 2036">
     <span class='ocr_line' id='line_1_32' title="bbox 94 1864 1361 1924; baseline 0.006 -17"><span class='ocrx_word' id='word_1_188' title='bbox 94 1865 168 1908; x_wconf 79' lang='lat' dir='ltr'><strong>vix</strong></span> <span class='ocrx_word' id='word_1_189' title='bbox 190 1864 299 1909; x_wconf 90' lang='lat' dir='ltr'><strong>bene</strong></span> <span class='ocrx_word' id='word_1_190' title='bbox 323 1865 478 1909; x_wconf 87' lang='lat' dir='ltr'><strong>missus</strong></span> <span class='ocrx_word' id='word_1_191' title='bbox 502 1873 610 1917; x_wconf 88' lang='lat' dir='ltr'><strong>erat,</strong></span> <span class='ocrx_word' id='word_1_192' title='bbox 634 1882 714 1910; x_wconf 92' lang='lat' dir='ltr'><strong>nec</strong></span> <span class='ocrx_word' id='word_1_193' title='bbox 737 1867 822 1910; x_wconf 91' lang='lat' dir='ltr'><strong>iam</strong></span> <span class='ocrx_word' id='word_1_194' title='bbox 846 1876 1110 1924; x_wconf 86' lang='lat' dir='ltr'><strong>poteramus,</strong></span> <span class='ocrx_word' id='word_1_195' title='bbox 1135 1870 1211 1912; x_wconf 94' lang='lat' dir='ltr'><strong>ubi</strong></span> <span class='ocrx_word' id='word_1_196' title='bbox 1235 1878 1361 1923; x_wconf 87' lang='lat' dir='ltr'><strong>esset,</strong></span> 
     </span>
     <span class='ocr_line' id='line_1_33' title="bbox 94 1921 1210 1981; baseline 0.004 -16"><span class='ocrx_word' id='word_1_197' title='bbox 94 1921 214 1966; x_wconf 79' lang='lat' dir='ltr'><strong>scire.</strong></span> <span class='ocrx_word' id='word_1_198' title='bbox 271 1922 431 1979; x_wconf 89' lang='lat' dir='ltr'><strong>pedum</strong></span> <span class='ocrx_word' id='word_1_199' title='bbox 454 1923 616 1966; x_wconf 86' lang='lat' dir='ltr'><strong>calidus</strong></span> <span class='ocrx_word' id='word_1_200' title='bbox 641 1925 818 1981; x_wconf 87' lang='lat' dir='ltr'><strong>vestigia</strong></span> <span class='ocrx_word' id='word_1_201' title='bbox 842 1925 982 1981; x_wconf 87' lang='lat' dir='ltr'><strong>pulvis</strong></span> <span class='ocrx_word' id='word_1_202' title='bbox 1006 1926 1210 1969; x_wconf 87' lang='lat' dir='ltr'><strong>habebat:</strong></span> 
     </span>
     <span class='ocr_line' id='line_1_34' title="bbox 92 1977 1039 2036; baseline 0.003 -15"><span class='ocrx_word' id='word_1_203' title='bbox 92 1977 186 2036; x_wconf 79' lang='lat' dir='ltr'><strong>ipse</strong></span> <span class='ocrx_word' id='word_1_204' title='bbox 206 1978 343 2022; x_wconf 84' lang='lat' dir='ltr'><strong>oculis</strong></span> <span class='ocrx_word' id='word_1_205' title='bbox 367 1987 538 2036; x_wconf 91' lang='lat' dir='ltr'><strong>ereptus</strong></span> <span class='ocrx_word' id='word_1_206' title='bbox 561 1988 663 2023; x_wconf 91' lang='lat' dir='ltr'><strong>erat.</strong></span> <span class='ocrx_word' id='word_1_207' title='bbox 722 1996 808 2024; x_wconf 90' lang='lat' dir='ltr'><strong>non</strong></span> <span class='ocrx_word' id='word_1_208' title='bbox 832 1983 946 2024; x_wconf 90' lang='lat' dir='ltr'><strong>ocior</strong></span> <span class='ocrx_word' id='word_1_209' title='bbox 968 1983 1039 2024; x_wconf 94' lang='lat' dir='ltr'><strong>illo</strong></span> 
     </span>
    </p>

    <p class='ocr_par' dir='ltr' id='par_1_20' title="bbox 91 2034 1176 2206">
     <span class='ocr_line' id='line_1_35' title="bbox 93 2034 1176 2096; baseline 0.005 -18"><span class='ocrx_word' id='word_1_210' title='bbox 93 2034 217 2078; x_wconf 76' lang='lat' dir='ltr'><strong>hasta</strong></span> <span class='ocrx_word' id='word_1_211' title='bbox 237 2050 318 2079; x_wconf 85' lang='lat' dir='ltr'><strong>nec</strong></span> <span class='ocrx_word' id='word_1_212' title='bbox 341 2051 544 2080; x_wconf 87' lang='lat' dir='ltr'><strong>excussae</strong></span> <span class='ocrx_word' id='word_1_213' title='bbox 569 2045 760 2081; x_wconf 86' lang='lat' dir='ltr'><strong>contorto</strong></span> <span class='ocrx_word' id='word_1_214' title='bbox 784 2039 959 2082; x_wconf 89' lang='lat' dir='ltr'><strong>verbere</strong></span> <span class='ocrx_word' id='word_1_215' title='bbox 984 2040 1176 2096; x_wconf 88' lang='lat' dir='ltr'><strong>glandes,</strong></span> 
     </span>
     <span class='ocr_line' id='line_1_36' title="bbox 91 2090 1128 2149; baseline 0.004 -14"><span class='ocrx_word' id='word_1_216' title='bbox 91 2106 173 2135; x_wconf 87' lang='lat' dir='ltr'><strong>nec</strong></span> <span class='ocrx_word' id='word_1_217' title='bbox 195 2090 458 2149; x_wconf 81' lang='lat' dir='ltr'><strong>Gortyniaco</strong></span> <span class='ocrx_word' id='word_1_218' title='bbox 483 2094 670 2137; x_wconf 86' lang='lat' dir='ltr'><strong>calamus</strong></span> <span class='ocrx_word' id='word_1_219' title='bbox 694 2095 799 2138; x_wconf 89' lang='lat' dir='ltr'><strong>levis</strong></span> <span class='ocrx_word' id='word_1_220' title='bbox 823 2096 910 2138; x_wconf 88' lang='lat' dir='ltr'><strong>exit</strong></span> <span class='ocrx_word' id='word_1_221' title='bbox 934 2097 989 2139; x_wconf 89' lang='lat' dir='ltr'><strong>ab</strong></span> <span class='ocrx_word' id='word_1_222' title='bbox 1013 2111 1128 2139; x_wconf 86' lang='lat' dir='ltr'><strong>arcu.</strong></span> 
     </span>
     <span class='ocr_line' id='line_1_37' title="bbox 91 2148 1093 2206; baseline 0.004 -14"><span class='ocrx_word' id='word_1_223' title='bbox 91 2148 211 2192; x_wconf 89' lang='lat' dir='ltr'><strong>collis</strong></span> <span class='ocrx_word' id='word_1_224' title='bbox 235 2163 346 2206; x_wconf 85' lang='lat' dir='ltr'><strong>apex</strong></span> <span class='ocrx_word' id='word_1_225' title='bbox 367 2150 498 2193; x_wconf 84' lang='lat' dir='ltr'><strong>medii</strong></span> <span class='ocrx_word' id='word_1_226' title='bbox 522 2151 723 2195; x_wconf 90' lang='lat' dir='ltr'><strong>subiectis</strong></span> <span class='ocrx_word' id='word_1_227' title='bbox 746 2153 937 2195; x_wconf 89' lang='lat' dir='ltr'><strong>imminet</strong></span> <span class='ocrx_word' id='word_1_228' title='bbox 962 2154 1093 2196; x_wconf 87' lang='lat' dir='ltr'><strong>arvis:</strong></span> 
     </span>
    </p>

    <p class='ocr_par' dir='ltr' id='par_1_21' title="bbox 91 2205 1094 2265">
     <span class='ocr_line' id='line_1_38' title="bbox 91 2205 1094 2265; baseline 0.005 -17"><span class='ocrx_word' id='word_1_229' title='bbox 91 2205 216 2249; x_wconf 90' lang='lat' dir='ltr'><strong>tollor</strong></span> <span class='ocrx_word' id='word_1_230' title='bbox 238 2219 290 2249; x_wconf 90' lang='lat' dir='ltr'><strong>eo</strong></span> <span class='ocrx_word' id='word_1_231' title='bbox 314 2221 364 2249; x_wconf 87' lang='lat' dir='ltr'><strong>ca</strong></span> <span class='ocrx_word' id='word_1_232' title='bbox 394 2206 519 2262; x_wconf 88' lang='lat' dir='ltr'><strong>ioque</strong></span> <span class='ocrx_word' id='word_1_233' title='bbox 542 2208 644 2251; x_wconf 89' lang='lat' dir='ltr'><strong>novi</strong></span> <span class='ocrx_word' id='word_1_234' title='bbox 667 2210 908 2265; x_wconf 84' lang='lat' dir='ltr'><strong>spectacula</strong></span> <span class='ocrx_word' id='word_1_235' title='bbox 932 2225 1094 2261; x_wconf 85' lang='lat' dir='ltr'><strong>cursus,</strong></span> 
     </span>
    </p>

    <p class='ocr_par' dir='ltr' id='par_1_22' title="bbox 89 2222 1254 2436">
     <span class='ocr_line' id='line_1_39' title="bbox 91 2222 1254 2324; baseline 0.006 -20"><span class='ocrx_word' id='word_1_236' title='bbox 91 2276 177 2319; x_wconf 88' lang='lat' dir='ltr'><strong>quo</strong></span> <span class='ocrx_word' id='word_1_237' title='bbox 199 2262 328 2306; x_wconf 90' lang='lat' dir='ltr'><strong>modo</strong></span> <span class='ocrx_word' id='word_1_238' title='bbox 351 2222 575 2320; x_wconf 58' lang='lat' dir='ltr'><strong>deprendi,</strong></span> <span class='ocrx_word' id='word_1_239' title='bbox 600 2266 727 2308; x_wconf 90' lang='lat' dir='ltr'><strong>modo</strong></span> <span class='ocrx_word' id='word_1_240' title='bbox 751 2281 797 2309; x_wconf 88' lang='lat' dir='ltr'><strong>se</strong></span> <span class='ocrx_word' id='word_1_241' title='bbox 822 2267 1057 2310; x_wconf 89' lang='lat' dir='ltr'><strong>subducere</strong></span> <span class='ocrx_word' id='word_1_242' title='bbox 1082 2267 1136 2310; x_wconf 89' lang='lat' dir='ltr'><strong>ab</strong></span> <span class='ocrx_word' id='word_1_243' title='bbox 1161 2268 1254 2324; x_wconf 87' lang='lat' dir='ltr'><strong>ipso</strong></span> 
     </span>
     <span class='ocr_line' id='line_1_40' title="bbox 91 2319 1203 2367; baseline 0.004 -5"><span class='ocrx_word' id='word_1_244' title='bbox 91 2319 265 2363; x_wconf 81' lang='lat' dir='ltr'><strong>vulnere</strong></span> <span class='ocrx_word' id='word_1_245' title='bbox 288 2319 381 2363; x_wconf 87' lang='lat' dir='ltr'><strong>visa</strong></span> <span class='ocrx_word' id='word_1_246' title='bbox 403 2321 495 2364; x_wconf 84' lang='lat' dir='ltr'><strong>fera</strong></span> <span class='ocrx_word' id='word_1_247' title='bbox 518 2329 595 2365; x_wconf 85' lang='lat' dir='ltr'><strong>est.</strong></span> <span class='ocrx_word' id='word_1_248' title='bbox 653 2338 733 2366; x_wconf 91' lang='lat' dir='ltr'><strong>nec</strong></span> <span class='ocrx_word' id='word_1_249' title='bbox 755 2323 887 2366; x_wconf 89' lang='lat' dir='ltr'><strong>limite</strong></span> <span class='ocrx_word' id='word_1_250' title='bbox 912 2324 1065 2367; x_wconf 90' lang='lat' dir='ltr'><strong>callida</strong></span> <span class='ocrx_word' id='word_1_251' title='bbox 1088 2334 1203 2367; x_wconf 90' lang='lat' dir='ltr'><strong>recto</strong></span> 
     </span>
     <span class='ocr_line' id='line_1_41' title="bbox 89 2375 1202 2436; baseline 0.004 -17"><span class='ocrx_word' id='word_1_252' title='bbox 89 2375 135 2419; x_wconf 89' lang='lat' dir='ltr'><strong>in</strong></span> <span class='ocrx_word' id='word_1_253' title='bbox 157 2377 428 2433; x_wconf 84' lang='lat' dir='ltr'><strong>spatiumque</strong></span> <span class='ocrx_word' id='word_1_254' title='bbox 451 2378 583 2435; x_wconf 85' lang='lat' dir='ltr'><strong>fugit,</strong></span> <span class='ocrx_word' id='word_1_255' title='bbox 609 2380 684 2422; x_wconf 88' lang='lat' dir='ltr'><strong>sed</strong></span> <span class='ocrx_word' id='word_1_256' title='bbox 709 2380 865 2436; x_wconf 88' lang='lat' dir='ltr'><strong>decipit</strong></span> <span class='ocrx_word' id='word_1_257' title='bbox 889 2395 963 2424; x_wconf 88' lang='lat' dir='ltr'><strong>ora</strong></span> <span class='ocrx_word' id='word_1_258' title='bbox 987 2382 1202 2436; x_wconf 91' lang='lat' dir='ltr'><strong>sequentis</strong></span> 
     </span>
    </p>
   </div>
   <div class='ocr_carea' id='block_1_16' title="bbox 19 2433 1169 2501">
    <p class='ocr_par' dir='ltr' id='par_1_23' title="bbox 19 2433 1169 2501">
     <span class='ocr_line' id='line_1_42' title="bbox 19 2433 1169 2501; baseline 0.005 -26"><span class='ocrx_word' id='word_1_259' title='bbox 19 2449 42 2476; x_wconf 60' lang='grc' dir='ltr'><em>μ</em></span> <span class='ocrx_word' id='word_1_260' title='bbox 89 2439 133 2476; x_wconf 84' lang='lat' dir='ltr'><strong>et</strong></span> <span class='ocrx_word' id='word_1_261' title='bbox 154 2433 264 2476; x_wconf 88' lang='lat' dir='ltr'><strong>redit</strong></span> <span class='ocrx_word' id='word_1_262' title='bbox 286 2433 346 2501; x_wconf 68' lang='lat' dir='ltr'><strong>in⁸</strong></span> <span class='ocrx_word' id='word_1_263' title='bbox 355 2449 531 2491; x_wconf 85' lang='lat' dir='ltr'><strong>gyrum,</strong></span> <span class='ocrx_word' id='word_1_264' title='bbox 555 2451 610 2479; x_wconf 91' lang='lat' dir='ltr'><strong>ne</strong></span> <span class='ocrx_word' id='word_1_265' title='bbox 634 2437 688 2479; x_wconf 88' lang='lat' dir='ltr'><strong>sit</strong></span> <span class='ocrx_word' id='word_1_266' title='bbox 712 2452 814 2479; x_wconf 91' lang='lat' dir='ltr'><strong>suus</strong></span> <span class='ocrx_word' id='word_1_267' title='bbox 838 2437 1022 2494; x_wconf 88' lang='lat' dir='ltr'><strong>impetus</strong></span> <span class='ocrx_word' id='word_1_268' title='bbox 1046 2439 1169 2481; x_wconf 87' lang='lat' dir='ltr'><strong>hosti.</strong></span> 
     </span>
    </p>
   </div>
   <div class='ocr_carea' id='block_1_17' title="bbox 88 2488 1304 2559">
    <p class='ocr_par' dir='ltr' id='par_1_24' title="bbox 88 2488 1304 2559">
     <span class='ocr_line' id='line_1_43' title="bbox 88 2488 1304 2559; baseline 0.006 -27"><span class='ocrx_word' id='word_1_269' title='bbox 88 2488 281 2534; x_wconf 85' lang='lat' dir='ltr'><strong>imminet</strong></span> <span class='ocrx_word' id='word_1_270' title='bbox 303 2490 373 2533; x_wconf 88' lang='lat' dir='ltr'><strong>luc</strong></span> <span class='ocrx_word' id='word_1_271' title='bbox 397 2492 672 2548; x_wconf 89' lang='lat' dir='ltr'><strong>sequiturque</strong></span> <span class='ocrx_word' id='word_1_272' title='bbox 695 2509 860 2559; x_wconf 76' lang='lat' dir='ltr'><strong>parem,</strong></span> <span class='ocrx_word' id='word_1_273' title='bbox 888 2494 1119 2550; x_wconf 90' lang='lat' dir='ltr'><strong>similisque</strong></span> <span class='ocrx_word' id='word_1_274' title='bbox 1144 2496 1304 2540; x_wconf 87' lang='lat' dir='ltr'><strong>tenenti</strong></span> 
     </span>
    </p>
   </div>
   <div class='ocr_carea' id='block_1_18' title="bbox 23 2550 1198 2662">
    <p class='ocr_par' dir='ltr' id='par_1_25' title="bbox 23 2550 1198 2662">
     <span class='ocr_line' id='line_1_44' title="bbox 34 2550 1117 2594; baseline 0.005 -5"><span class='ocrx_word' id='word_1_275' title='bbox 34 2550 36 2553; x_wconf 77' lang='grc'>’</span> <span class='ocrx_word' id='word_1_276' title='bbox 87 2560 174 2589; x_wconf 86' lang='lat' dir='ltr'><strong>non</strong></span> <span class='ocrx_word' id='word_1_277' title='bbox 196 2553 313 2590; x_wconf 85' lang='lat' dir='ltr'><strong>tenet</strong></span> <span class='ocrx_word' id='word_1_278' title='bbox 335 2554 377 2591; x_wconf 89' lang='lat' dir='ltr'><strong>et</strong></span> <span class='ocrx_word' id='word_1_279' title='bbox 400 2562 533 2591; x_wconf 84' lang='lat' dir='ltr'><strong>vanos</strong></span> <span class='ocrx_word' id='word_1_280' title='bbox 557 2558 726 2593; x_wconf 90' lang='lat' dir='ltr'><strong>exercet</strong></span> <span class='ocrx_word' id='word_1_281' title='bbox 749 2566 791 2592; x_wconf 87' lang='lat' dir='ltr'><strong>m</strong></span> <span class='ocrx_word' id='word_1_282' title='bbox 817 2555 916 2593; x_wconf 82' lang='lat' dir='ltr'><strong>ae&#39;ra</strong></span> <span class='ocrx_word' id='word_1_283' title='bbox 939 2566 1117 2594; x_wconf 89' lang='lat' dir='ltr'><strong>morsus.</strong></span> 
     </span>
     <span class='ocr_line' id='line_1_45' title="bbox 23 2602 1198 2662; baseline 0.005 -17"><span class='ocrx_word' id='word_1_284' title='bbox 23 2620 25 2622; x_wconf 86' lang='lat'>·</span> <span class='ocrx_word' id='word_1_285' title='bbox 87 2602 144 2646; x_wconf 72' lang='lat' dir='ltr'><strong>ad</strong></span> <span class='ocrx_word' id='word_1_286' title='bbox 165 2603 294 2647; x_wconf 88' lang='lat' dir='ltr'><strong>iaculi</strong></span> <span class='ocrx_word' id='word_1_287' title='bbox 318 2604 514 2647; x_wconf 86' lang='lat' dir='ltr'><strong>vertebar</strong></span> <span class='ocrx_word' id='word_1_288' title='bbox 537 2620 674 2662; x_wconf 91' lang='lat' dir='ltr'><strong>opem.</strong></span> <span class='ocrx_word' id='word_1_289' title='bbox 734 2607 849 2662; x_wconf 91' lang='lat' dir='ltr'><strong>quod</strong></span> <span class='ocrx_word' id='word_1_290' title='bbox 874 2608 1048 2651; x_wconf 89' lang='lat' dir='ltr'><strong>dextera</strong></span> <span class='ocrx_word' id='word_1_291' title='bbox 1071 2609 1198 2652; x_wconf 84' lang='lat' dir='ltr'><strong>librat</strong></span> 
     </span>
    </p>
   </div>
   <div class='ocr_carea' id='block_1_19' title="bbox 85 2658 1206 2775">
    <p class='ocr_par' dir='ltr' id='par_1_26' title="bbox 85 2658 1206 2775">
     <span class='ocr_line' id='line_1_46' title="bbox 86 2658 1206 2723; baseline 0.006 -21"><span class='ocrx_word' id='word_1_292' title='bbox 86 2658 188 2703; x_wconf 83' lang='lat' dir='ltr'><strong>dum</strong></span> <span class='ocrx_word' id='word_1_293' title='bbox 212 2675 327 2712; x_wconf 88' lang='lat' dir='ltr'><strong>mea,</strong></span> <span class='ocrx_word' id='word_1_294' title='bbox 352 2661 455 2711; x_wconf 87' lang='lat' dir='ltr'><strong>dum</strong></span> <span class='ocrx_word' id='word_1_295' title='bbox 479 2662 634 2719; x_wconf 90' lang='lat' dir='ltr'><strong>digitos</strong></span> <span class='ocrx_word' id='word_1_296' title='bbox 658 2664 837 2707; x_wconf 87' lang='lat' dir='ltr'><strong>amentis</strong></span> <span class='ocrx_word' id='word_1_297' title='bbox 861 2665 1006 2708; x_wconf 91' lang='lat' dir='ltr'><strong>indere</strong></span> <span class='ocrx_word' id='word_1_298' title='bbox 1029 2673 1206 2723; x_wconf 90' lang='lat' dir='ltr'><strong>tempto,</strong></span> 
     </span>
     <span class='ocr_line' id='line_1_47' title="bbox 85 2715 1095 2775; baseline 0.006 -16"><span class='ocrx_word' id='word_1_299' title='bbox 85 2715 246 2760; x_wconf 88' lang='lat' dir='ltr'><strong>lumina</strong></span> <span class='ocrx_word' id='word_1_300' title='bbox 269 2718 443 2762; x_wconf 85' lang='lat' dir='ltr'><strong>deflexi:</strong></span> <span class='ocrx_word' id='word_1_301' title='bbox 468 2727 752 2775; x_wconf 88' lang='lat' dir='ltr'><strong>revocataque</strong></span> <span class='ocrx_word' id='word_1_302' title='bbox 775 2736 921 2764; x_wconf 87' lang='lat' dir='ltr'><strong>rursus</strong></span> <span class='ocrx_word' id='word_1_303' title='bbox 945 2723 1095 2765; x_wconf 85' lang='lat' dir='ltr'><strong>eodem</strong></span> 
     </span>
    </p>
   </div>
   <div class='ocr_carea' id='block_1_20' title="bbox 0 2764 1273 2838">
    <p class='ocr_par' dir='ltr' id='par_1_27' title="bbox 0 2764 1273 2838">
     <span class='ocr_line' id='line_1_48' title="bbox 0 2764 1273 2838; baseline 0.006 -22"><span class='ocrx_word' id='word_1_304' title='bbox 0 2799 4 2804; x_wconf 70' lang='lat'><em>›</em></span> <span class='ocrx_word' id='word_1_305' title='bbox 31 2764 39 2818; x_wconf 43' lang='grc' dir='ltr'>ᾖ</span> <span class='ocrx_word' id='word_1_306' title='bbox 84 2773 339 2818; x_wconf 87' lang='lat' dir='ltr'><strong>rettuleram.</strong></span> <span class='ocrx_word' id='word_1_307' title='bbox 387 2776 541 2827; x_wconf 88' lang='lat' dir='ltr'><strong>medio,</strong></span> <span class='ocrx_word' id='word_1_308' title='bbox 566 2777 740 2820; x_wconf 79' lang='lat' dir='ltr'><strong>mirum!</strong></span> <span class='ocrx_word' id='word_1_309' title='bbox 777 2779 862 2821; x_wconf 91' lang='lat' dir='ltr'><strong>duo</strong></span> <span class='ocrx_word' id='word_1_310' title='bbox 887 2794 1097 2823; x_wconf 83' lang='lat' dir='ltr'><strong>marmora</strong></span> <span class='ocrx_word' id='word_1_311' title='bbox 1122 2795 1273 2838; x_wconf 89' lang='lat' dir='ltr'><strong>campo</strong></span> 
     </span>
    </p>
   </div>
   <div class='ocr_carea' id='block_1_21' title="bbox 1507 579 1575 612">
    <p class='ocr_par' dir='ltr' id='par_1_28' title="bbox 1507 579 1575 612">
     <span class='ocr_line' id='line_1_49' title="bbox 1507 579 1575 612; baseline 0.015 -1"><span class='ocrx_word' id='word_1_312' title='bbox 1507 579 1575 612; x_wconf 89' lang='grc'><strong>750</strong></span> 
     </span>
    </p>
   </div>
   <div class='ocr_carea' id='block_1_22' title="bbox 1505 864 1570 896">
    <p class='ocr_par' dir='ltr' id='par_1_29' title="bbox 1505 864 1570 896">
     <span class='ocr_line' id='line_1_50' title="bbox 1505 864 1570 896; baseline 0.015 -1"><span class='ocrx_word' id='word_1_313' title='bbox 1505 864 1570 896; x_wconf 90' lang='grc'><strong>755</strong></span> 
     </span>
    </p>
   </div>
   <div class='ocr_carea' id='block_1_23' title="bbox 1502 1147 1570 1181">
    <p class='ocr_par' dir='ltr' id='par_1_30' title="bbox 1502 1147 1570 1181">
     <span class='ocr_line' id='line_1_51' title="bbox 1502 1147 1570 1181; baseline 0.015 -1"><span class='ocrx_word' id='word_1_314' title='bbox 1502 1147 1570 1181; x_wconf 85' lang='grc'><strong>760</strong></span> 
     </span>
    </p>
   </div>
   <div class='ocr_carea' id='block_1_24' title="bbox 1501 1433 1567 1466">
    <p class='ocr_par' dir='ltr' id='par_1_31' title="bbox 1501 1433 1567 1466">
     <span class='ocr_line' id='line_1_52' title="bbox 1501 1433 1567 1466; baseline 0.015 -1"><span class='ocrx_word' id='word_1_315' title='bbox 1501 1433 1567 1466; x_wconf 89' lang='grc'><strong>765</strong></span> 
     </span>
    </p>
   </div>
   <div class='ocr_carea' id='block_1_25' title="bbox 1499 1718 1566 1750">
    <p class='ocr_par' dir='ltr' id='par_1_32' title="bbox 1499 1718 1566 1750">
     <span class='ocr_line' id='line_1_53' title="bbox 1499 1718 1566 1750; baseline 0 0"><span class='ocrx_word' id='word_1_316' title='bbox 1499 1718 1566 1750; x_wconf 92' lang='grc'><strong>770</strong></span> 
     </span>
    </p>
   </div>
   <div class='ocr_carea' id='block_1_26' title="bbox 1497 2001 1563 2033">
    <p class='ocr_par' dir='ltr' id='par_1_33' title="bbox 1497 2001 1563 2033">
     <span class='ocr_line' id='line_1_54' title="bbox 1497 2001 1563 2033; baseline 0.015 -1"><span class='ocrx_word' id='word_1_317' title='bbox 1497 2001 1563 2033; x_wconf 82' lang='grc'><strong>775</strong></span> 
     </span>
    </p>
   </div>
   <div class='ocr_carea' id='block_1_27' title="bbox 1493 2285 1561 2319">
    <p class='ocr_par' dir='ltr' id='par_1_34' title="bbox 1493 2285 1561 2319">
     <span class='ocr_line' id='line_1_55' title="bbox 1493 2285 1561 2319; baseline 0.015 -1"><span class='ocrx_word' id='word_1_318' title='bbox 1493 2285 1561 2319; x_wconf 89' lang='grc'><strong>780</strong></span> 
     </span>
    </p>
   </div>
   <div class='ocr_carea' id='block_1_28' title="bbox 1490 2569 1557 2602">
    <p class='ocr_par' dir='ltr' id='par_1_35' title="bbox 1490 2569 1557 2602">
     <span class='ocr_line' id='line_1_56' title="bbox 1490 2569 1557 2602; baseline 0.03 -2"><span class='ocrx_word' id='word_1_319' title='bbox 1490 2569 1557 2602; x_wconf 85' lang='grc'><strong>785</strong></span> 
     </span>
    </p>
   </div>
  </div>
 </body>
</html>
