1786 3242
90 251 93 254 >
172 228 670 267 lmTAMORPHOSEON
684 229 782 265 LIB.
801 228 906 266 XIV.
923 229 1117 266 820—851.
1135 228 1221 266 XV.
1240 228 1364 264 1-52.
1395 217 1483 262 255

84 310 240 360 {haia
263 310 360 367 quis
383 310 544 354 Italicis
570 318 719 354 auctor
739 310 951 368 posuisset
974 311 1019 353 in
1043 311 1127 354 oris

100 367 290 419 noenia,
313 367 532 424 quaerenti
557 368 618 411 sic
641 383 666 411 e
689 367 925 411 senioribus
948 382 1060 410 unus
1508 379 1555 411 10

94 423 266 471 rettulit
285 422 520 481 indigenis,
544 424 699 468 veteris
722 438 808 467 non
831 424 990 467 inscius
1014 423 1129 467 aevi:

88 523 90 527 ,
102 481 242 526 ‘dives
265 481 322 524 ab
345 479 524 525 Oceano
549 481 686 524 bobus
709 480 816 524 Iove
841 487 967 524 natus
991 480 1167 524 Hiberis

91 538 224 585 'litora
245 537 361 582 felici
383 537 571 581 tenuisse
594 537 778 581 Lacinia
802 552 930 580 cursu

78 595 251 649 „fatum
275 602 319 638 et
342 601 533 638 armento
557 602 726 637 teneras
750 601 916 637 errante
939 609 1018 650 per
1040 594 1194 637 herbas

99 652 193 713 ipse
215 650 391 695 domum
414 650 561 708 magni
583 665 664 694 nec
687 649 900 706 inhospita
924 658 1036 693 tecta
1061 649 1259 694 Crotonis
1508 663 1556 695 15

78 709 281 763 ,ΜΘ
304 715 348 752 et
368 707 516 763 requie
538 707 715 764 longum
738 707 950 750 relevasse
972 707 1177 758 laborem,

72 795 74 797 -
101 772 232 823 atque
253 765 315 808 ita
338 764 560 808 discedens
585 763 760 807 “aevo”
786 763 943 806 dixisse
968 767 1206 820 “nepotum

99 822 172 868 hic
193 822 312 866 locus
335 821 454 864 urbis
478 821 598 864 erit.”
655 820 950 877 promissaque
973 835 1076 863 vera
1098 820 1284 863 fuerunt.

78 932 81 935 Δ
99 894 201 925 nam
223 878 307 922 fuit
328 879 396 921 Ar
426 878 534 921 olico
557 884 786 935 generatus
810 877 1022 920 Alemone
1046 876 1221 931 quidam
1383 886 1576 932 Myscelus.

78 946 80 950 “
99 935 343 994 Myscelus,
366 935 380 978 i
427 950 479 978 us
503 934 569 977 dis
593 933 911 991 acceptissimus
936 933 1044 976 aevi.
1505 946 1550 978 20

72 1042 73 1048 χ
99 993 217 1039 hunc
239 1007 368 1050 super
389 991 640 1036 incumbens
663 1005 859 1048 pressum
882 990 1093 1047 gravitate
1117 1004 1163 1032 so
1196 989 1279 1033 oris

72 1092 73 1095 ,
101 1049 290 1108 claviger
311 1049 558 1104 alloquitur:
584 1049 790 1105 “patrias,
815 1061 909 1114 age,
935 1048 1083 1091 desere
1108 1062 1152 1091 se
1185 1062 1229 1091 es

40 1106 42 1111 ’
101 1114 146 1153 ct
167 1114 264 1165 pete
288 1106 444 1150 diversi
466 1105 680 1163 lapidosas
702 1106 880 1148 Aes'ans
904 1104 1094 1147 undas!”

101 1171 164 1216 et,
186 1163 268 1207 nisi
291 1162 499 1221 paruerit,
523 1163 659 1206 multa
682 1177 732 1206 ac
755 1162 987 1205 metuenda
1010 1161 1207 1204 minatur.

72 1222 73 1227 ’
99 1228 199 1280 post
220 1236 273 1264 ea
295 1219 519 1280 discedunt
540 1219 699 1277 pariter
722 1233 981 1274 somnusque
1006 1219 1209 1274 deusque.
1508 1232 1557 1263 25

28 1315 30 1318 ,
101 1278 239 1336 surgit
260 1276 539 1320 Alemonides
563 1277 776 1332 tacitaque
799 1276 987 1319 recentia
1010 1282 1153 1319 mente

71 1343 77 1376 J
102 1335 196 1382 visa
217 1334 368 1385 refert,
390 1340 641 1391 pugnatque
666 1333 740 1376 diu
765 1333 974 1376 sententia
998 1341 1157 1375 secum.

28 1407 31 1411 ’
59 1405 63 1409 ’
97 1407 261 1446 numen
284 1391 402 1435 abire
425 1390 562 1434 iubetz
586 1389 813 1447 prohibent
837 1389 1054 1433 discedere
1077 1390 1209 1446 leges,

65 1495 68 1507 ,
100 1462 324 1508 poenaque
348 1463 462 1491 mors
485 1447 626 1505 posita
649 1454 713 1491 est
736 1447 919 1504 patriam
941 1454 1108 1489 mutare
1132 1446 1304 1489 volenti.

19 1539 22 1542 -
58 1512 73 1543 ἶ
101 1505 308 1551 candidus
332 1503 511 1549 Oceano
533 1504 714 1548 nitidum
738 1511 868 1560 caput
891 1504 1113 1547 abdiderat
1137 1502 1228 1554 Sol,
1507 1517 1557 1549 30

21 1605 22 1608 ,
60 1571 63 1587 ³
101 1570 144 1609 et
167 1570 298 1620 caput
320 1562 530 1606 extulerat
553 1561 804 1605 densissima
827 1561 1039 1604 sidereum
1061 1560 1181 1603 Nox:

22 1642 24 1644 v
68 1623 69 1626 ’
101 1621 219 1664 visus
243 1619 393 1663 adesse
414 1619 530 1662 idem
553 1619 659 1662 deus
682 1625 747 1662 est
771 1618 1005 1674 eademque
1027 1632 1200 1661 monere

101 1685 164 1728 et,
186 1676 268 1720 nisi
292 1676 498 1734 paruerit,
521 1676 646 1733 plura
669 1689 720 1718 ac
796 1675 941 1718 aviora
963 1675 1128 1717 minari.

70 1734 86 1778 j·
101 1733 316 1785 extimuit3
339 1733 612 1790 patriumque
635 1732 715 1776 sim
785 1732 1014 1775 transferre
1037 1731 1216 1788 parabat

100 1793 147 1836 in
169 1790 293 1835 sedes
315 1790 532 1847 penetrale
555 1803 702 1833 novas.
760 1789 810 1831 fit
832 1804 1026 1831 murmur
1047 1788 1093 1831 in
1116 1788 1238 1839 urbe,
1506 1802 1554 1834 35

55 1847 59 1883 j
101 1855 426 1907 spretarumque
449 1847 592 1904 agitur
612 1847 759 1904 legum
782 1861 894 1889 reus.
953 1853 1085 1900 utque
1109 1851 1283 1902 peracta
1306 1851 1371 1888 est

20 1935 21 1938 =
65 1910 67 1950 i
101 1920 232 1951 causa
283 1904 382 1955 rior,
407 1904 650 1960 crimenque
673 1911 791 1960 patet
815 1903 905 1946 sine
928 1910 1036 1946 teste
1058 1902 1300 1959 probatum,

22 1978 23 1981 ’
102 1962 239 2020 squali
269 1976 320 2004 us
343 1961 399 2004 ad
422 1975 598 2018 superos
622 1961 774 2005 tollens
797 1975 896 2003 reus
921 1974 995 2002 ora
1017 1973 1256 2015 manusque

63 2036 65 2038 ·
102 2024 163 2063 “o
185 2019 256 2063 cui
277 2019 345 2062 ius
369 2018 477 2062 caeli
499 2017 565 2060 bis
590 2033 666 2061 sex
688 2017 829 2061 fecere
851 2017 1032 2067 labores,

62 2080 69 2122 s
101 2077 169 2122 fer
189 2075 372 2134 precor”
395 2075 534 2131 inquit
563 2078 740 2131 “opem:
772 2089 871 2117 nam
890 2082 937 2116 tu
955 2074 1059 2116 mihi
1079 2073 1266 2116 criminis
1291 2074 1479 2117 auctor.'’
1504 2088 1554 2119 40

20 2179 21 2182 ,
101 2148 195 2179 mos
219 2139 310 2177 erat
333 2132 552 2188 antiquus,
575 2131 712 2175 niveis
736 2131 922 2186 atrisque
946 2130 1101 2187 lapillis

52 2195 57 2238 ἦ
101 2190 169 2235 his
193 2190 396 2234 damnare
419 2204 534 2240 reos,
558 2188 639 2231 illis
665 2188 885 2231 absolvere
909 2187 1048 2254 culpa.

25 2258 56 2302 „22
101 2255 206 2292 tunc
228 2261 399 2304 quoque
422 2246 484 2289 sic
506 2246 594 2288 lata
618 2254 683 2288 est
706 2244 915 2288 sententia
936 2244 1086 2295 tnstis3
1111 2251 1155 2288 et
1177 2245 1312 2288 omnis

49 2307 52 2309 ’
102 2304 293 2349 calculus
313 2303 522 2347 immitem
545 2302 780 2346 demittitur
803 2310 895 2345 ater
916 2301 961 2344 in
983 2316 1149 2344 urnam.

48 2376 56 2395 ’ν
101 2375 213 2418 quae
237 2361 364 2404 simul
386 2360 540 2404 effudit
560 2359 846 2403 numerandos
870 2373 995 2402 versa
1016 2358 1058 2401 la
1088 2358 1197 2409 illos,
1503 2372 1553 2404 45

56 2426 57 2429 ’
101 2418 300 2462 omnibus
324 2433 349 2462 e
371 2418 496 2474 nigro
519 2417 635 2460 color
658 2425 723 2460 est
745 2423 934 2458 mutatus
958 2415 1003 2458 in
1027 2416 1066 2458 al
1099 2430 1186 2465 um,

45 2476 55 2479 ⁷
102 2475 368 2531 candidaque
391 2474 608 2518 Herculeo
632 2473 841 2517 sententia
863 2472 1039 2515 numine
1062 2471 1177 2514 facta

50 2531 58 2591 s
103 2532 230 2576 solvit
252 2531 552 2575 Alemoniden.
610 2538 753 2587 grates
778 2530 867 2586 agit
889 2529 960 2572 ille
985 2529 1151 2585 parenti

69 2614 71 2616 -
101 2588 515 2657 Amphitryoniadae
537 2587 760 2642 ventisque
783 2586 1027 2630 faventibus
1051 2599 1211 2641 aequor

13 2687 19 2697 ,
56 2677 58 2679 -
101 2653 278 2703 navlgat
299 2645 471 2689 Ionium
496 2644 865 2699 Sallentinumque
888 2643 1095 2686 Neretum
1506 2657 1556 2688 50

57 2721 60 2724 ⁴
205 2702 304 2746 terit
326 2709 370 2746 et
394 2701 580 2759 Sybarin
605 2700 1083 2755 Lacedaemoniumque
1106 2699 1342 2743 Tarentum

50 2771 51 2774 ’
101 2717 404 2816 ffirinosque
429 2759 544 2802 sinus
570 2756 867 2814 Crimisenque
892 2764 934 2800 et
956 2755 1131 2814 Iapygis
1156 2771 1271 2808 arva,
