1786 3242
75 230 89 286 ’,
125 242 1056 287 mAMORPHOSEONLIB.X11.57o—623.
1080 250 1189 286 xm.
1208 251 1332 287 1—30.
1363 241 1452 285 213-

67 350 93 376 a»
126 349 130 357 ·
173 326 256 371 sibi
277 326 451 372 Pelides
474 343 555 372 nec
577 328 723 373 inania
745 330 927 374 Tartara
950 331 1090 375 sentit.

127 418 131 420 -
163 380 165 385 ⁴
186 383 335 434 etiam,
358 391 427 435 ut,
451 384 572 428 cuius
595 386 742 437 fuerit,
767 401 1022 454 cognoscere
1077 389 1196 440 ossis,
1476 403 1546 435 615

75 463 92 495 .·
112 462 116 477 ι
139 446 145 476 ¹
167 463 170 475 1
205 448 350 484 movet
373 440 556 498 clipeus,
580 442 718 498 deque
741 458 869 486 arm1s
894 460 1011 487 arma
1054 452 1242 489 eruntur.

110 518 117 532 τ
140 519 145 533 ·
179 511 232 541 ea
253 495 464 554 Tydides,
488 512 575 541 non
599 499 729 543 audet
753 498 902 544 Oileos
926 501 1055 553 Aiax,

63 562 87 585 ‘·
110 574 144 590 ·=·
178 552 319 597 minor
340 553 537 606 Atrides,
561 570 648 598 non
670 556 783 600 bello
807 557 942 600 maior
966 565 1008 601 et
1032 572 1138 602 aevo

62 622 116 648 ⁵³⁸
156 630 188 647 ι·
249 641 264 662 ,
285 623 373 654 non
397 611 487 654 alii:
513 612 592 655 soli
614 612 848 656 Telamone
873 622 1014 657 creato

63 716 68 720 .
135 669 152 696 -'
211 688 215 704 ι
237 681 314 710 ue
338 666 421 710 fuit
444 675 588 712 tantae
610 669 768 712 fiducia
789 669 942 713 laudis.
1474 687 1544 719 620

70 735 73 737 ’
117 737 165 768 se
187 722 438 768 Tantalides
462 738 570 768 onus
593 725 882 781 invidiamque
906 728 1087 770 removit

60 798 93 822 e-
143 800 156 831 2
175 779 383 836 ·licosque
407 780 538 825 duces
561 781 712 825 mediis
736 783 955 827 considere
980 784 1127 827 castris

56 841 68 855 ³
94 835 169 873 2»-
171 843 190 880 t
213 843 256 881 et
279 836 503 881 arbitrium
524 837 611 881 litis
634 838 798 882 traiecit
820 839 864 882 in
890 854 1050 884 omnes.

424 1015 581 1053 LIBER
604 1017 829 1056 TERTIUS
852 1018 1093 1057 DECIMUS.

56 1115 311 1164 ’Consedere
335 1119 466 1164 duces
489 1129 532 1164 et
555 1121 675 1178 vulgi
699 1129 836 1166 stante
861 1137 1017 1166 corona
1348 1125 1537 1180 &aarum

53 1175 202 1234 surgit
225 1176 282 1219 ad
304 1175 384 1220 hos
407 1176 533 1244 clipei
557 1177 753 1222 dominus
777 1181 1062 1237 septemplicis
1087 1181 1216 1224 Aiax.
1363 1172 1535 1207 zudzczum.

19 1243 26 1261 ’·
41 1239 197 1288 ¹'utque
220 1239 311 1276 erat
331 1233 558 1290 impatiens
581 1234 689 1286 irae,
715 1235 763 1280 Si
797 1243 863 1280 e'1'a
885 1244 1007 1280 torvo

18 1289 188 1343 ,litora
209 1290 396 1347 respexit
419 1290 684 1347 classemque
708 1292 752 1335 in
791 1293 898 1338 itore
923 1295 1046 1337 vultu

16 1344 371 1403 intendensque
393 1362 546 1391 manus
571 1349 758 1406 ‘agimus
766 1381 778 1400 ,
803 1364 880 1407 pro
903 1351 1115 1408 Iuppiter!
1123 1351 1134 1370 '
1158 1352 1296 1407 inquit
1467 1368 1488 1399 5

26 1408 47 1457 [g
62 1406 182 1447 ‘ante
203 1410 318 1447 rates
341 1418 534 1456 causam,
559 1413 602 1448 et
625 1421 793 1449 mecum
818 1407 1034 1451 confertur
1056 1407 1229 1452 Ulixes!

21 1458 35 1469 “
61 1466 107 1503 at
126 1473 215 1503 non
238 1459 463 1504 Hectoreis
487 1461 699 1505 dubitavit
722 1463 874 1507 cedere
897 1464 1092 1516 flammis,

10 1523 34 1541 ’·
59 1529 169 1572 quas
192 1531 274 1574 ego
298 1517 498 1570 sustinui,
523 1533 630 1574 quas
655 1519 737 1563 hac
761 1536 787 1562 a
811 1521 945 1565 classe
967 1521 1130 1579 fugavi.

17 1594 26 1610 τ
39 1572 194 1630 [tutius
217 1580 283 1617 est
304 1573 437 1631 igitur
459 1574 568 1618 fictis
593 1577 848 1621 contendere
872 1578 1027 1629 verbis,

10 1636 17 1647 ²
38 1643 190 1686 quam
212 1645 408 1688 pugnare
430 1646 574 1675 manu.
634 1633 710 1676 sed
733 1648 813 1677 nec
836 1634 939 1677 mihi
965 1635 1104 1679 dicere
1158 1645 1386 1694 romptum‚
1467 1654 1511 1685 10

17 1704 20 1734 j
71 1701 140 1730 ·ec
162 1686 305 1731 facere
329 1695 394 1731 est
415 1687 504 1731 isti:
529 1697 823 1746 quantumque
849 1706 929 1748 ego
947 1692 1090 1735 Marte
1133 1695 1245 1736 eroci

32 1742 189 1799 inque
213 1744 305 1788 acie
328 1744 472 1796 valeo,
495 1752 664 1789 tantum
687 1747 802 1791 valet
824 1748 904 1791 iste
928 1749 1156 1804 loquendo.

56 1814 139 1844 nec
160 1801 438 1844 memoranda
459 1800 602 1846 famen
625 1803 748 1846 vobis
771 1819 869 1848 mea
892 1805 1024 1857 facta,
1048 1805 1236 1864 Pelasgi,

10 1866 42 1876 ”
57 1871 152 1901 esse
174 1871 289 1910 reor3
313 1858 478 1902 vidistis
502 1859 635 1902 enim:
661 1875 739 1903 sua
761 1869 904 1905 narret
927 1861 1095 1914 Ulixes,

6 1919 168 1970 {aquae
191 1914 283 1958 sine
305 1922 414 1959 teste
435 1916 565 1973 gerit,
590 1931 771 1973 quorum
795 1933 882 1961 nox
907 1920 1077 1963 conscia
1099 1921 1190 1963 sola
1215 1929 1291 1964 est.
1316 1947 1374 1953 —
1464 1937 1506 1969 15

16 1946 248 2028 {praemia
269 1986 428 2038 magna
449 1972 538 2030 peti
561 1973 716 2025 fateor3
742 1975 818 2018 sed
842 1976 973 2019 demit
995 1977 1200 2021 honorem

15 2043 37 2075 ·4
56 2027 268 2072 aemulus:
293 2029 420 2072 Aiaci
442 2044 530 2073 non
554 2038 618 2073 est
633 2031 827 2075 ‘tenuisse
852 2033 1098 2089 superbum,

15 2077 34 2139 Ξ
56 2084 111 2127 sit
130 2083 232 2128 licet
254 2084 336 2128 hoc
357 2085 530 2143 ingens,
554 2087 758 2144 quicquid
783 2090 969 2145 speravit
991 2089 1158 2134 Ulixes.

53 2139 136 2184 iste
158 2141 256 2184 tulit
277 2141 463 2199 pretium
486 2143 572 2187 iam
595 2159 711 2188 nunc
736 2147 975 2189 certaminis
999 2147 1146 2191 huius:

18 2193 140 2254 }quo
164 2211 263 2241 cum
286 2199 424 2243 victus
449 2200 547 2251 erit,
568 2216 740 2245 mecum
765 2210 948 2247 certasse
972 2203 1145 2248 feretur.
1169 2229 1228 2238 —
1460 2222 1504 2254 20

11 2252 31 2308 s
52 2269 81 2298 a
128 2269 183 2298 ue
207 2269 309 2313 eg0,
333 2255 370 2299 si
393 2256 526 2300 virtus
549 2257 594 2300 in
617 2273 687 2301 me
711 2259 956 2303 dubitabilis
981 2269 1106 2313 esset,

26 2327 34 2342 ³
51 2325 109 2354 no
139 2310 272 2356 ilitate
295 2320 447 2380 potens
471 2329 629 2366 essem,
653 2314 887 2360 Telamone
913 2326 1094 2369 creatus,

5 2388 32 2423 4
50 2367 222 2412 moenia
243 2383 318 2426 qui
341 2369 442 2413 forti
465 2370 652 2416 Troiana
675 2373 756 2415 sub
780 2374 968 2418 Hercule
993 2375 1106 2432 cepit

4 2423 261 2487 {litoraque
283 2426 458 2471 intravit
479 2427 705 2485 Pagasaea
730 2427 894 2473 Colcha
917 2431 1073 2474 carina.

50 2481 226 2525 Aeacus
249 2482 351 2527 huic
373 2491 496 2540 pater
519 2492 602 2536 est,
627 2485 701 2542 qui
723 2486 817 2529 iura
841 2487 1061 2531 silentibus
1085 2489 1171 2533 illic
1457 2506 1499 2537 25

4 2520 29 2564 ’ἦ
49 2537 208 2590 reddit,
231 2539 308 2583 ubi
330 2540 543 2585 Aeoliden
568 2557 719 2586 saxum
742 2558 874 2600 grave
900 2543 970 2588 Sis
1031 2545 1117 2589 hon
1140 2554 1277 2605 urget.

19 2620 22 2622 -
48 2595 228 2639 Aeacon
251 2597 444 2654 agnoscit
468 2613 660 2642 summus
713 2600 931 2656 rolemque
975 2610 1114 2646 atetur

3 2680 8 2689 ‹
47 2650 242 2710 Iuppiter
265 2668 359 2697 esse
383 2669 518 2698 suam.
578 2655 638 2699 sic
663 2671 688 2699 a
740 2656 846 2701 Iove
870 2659 1018 2702 tertius
1043 2660 1171 2703 Aiax.

29 2723 129 2752 nec
151 2715 296 2754 tamen
318 2709 426 2755 haec
449 2711 579 2756 series
602 2712 647 2756 in
672 2728 843 2758 causam
868 2715 1021 2772 prosit,
1046 2716 1218 2769 Achivi,

3 2765 85 2808 ἰἰ
106 2765 211 2810 mihi
235 2781 333 2811 cum
357 2783 514 2826 magno
538 2783 624 2813 non
650 2779 713 2814 est
737 2772 972 2815 communis
998 2773 1181 2817 Achille.
1451 2791 1496 2823 30
