<?xml version="1.0" encoding="UTF-8"?>
<!DOCTYPE html PUBLIC "-//W3C//DTD XHTML 1.0 Transitional//EN"
    "http://www.w3.org/TR/xhtml1/DTD/xhtml1-transitional.dtd">
<html xmlns="http://www.w3.org/1999/xhtml" xml:lang="en" lang="en">
 <head>
  <title>
</title>
<meta http-equiv="Content-Type" content="text/html;charset=utf-8" />
  <meta name='ocr-system' content='tesseract 3.04.00' />
  <meta name='ocr-capabilities' content='ocr_page ocr_carea ocr_par ocr_line ocrx_word'/>
</head>
<body>
  <div class='ocr_page' id='page_1' title='image "./carminao02oviduoft_0255.png"; bbox 0 0 1786 3242; ppageno 0'>
   <div class='ocr_carea' id='block_1_1' title="bbox 4 0 126 1124">
    <p class='ocr_par' dir='ltr' id='par_1_1' title="bbox 4 0 126 1124">
     <span class='ocr_line' id='line_1_1' title="bbox 4 0 126 1124; baseline 0.164 -734"><span class='ocrx_word' id='word_1_1' title='bbox 4 0 126 1124; x_wconf 95' lang='lat' dir='ltr'>    </span> 
     </span>
    </p>
   </div>
   <div class='ocr_carea' id='block_1_2' title="bbox 6 904 42 1323">
    <p class='ocr_par' dir='ltr' id='par_1_2' title="bbox 6 904 42 1323">
     <span class='ocr_line' id='line_1_2' title="bbox 6 904 42 1323; textangle 90"><span class='ocrx_word' id='word_1_2' title='bbox 6 1279 31 1323; x_wconf 28' lang='grc' dir='ltr'>,αἱ</span> <span class='ocrx_word' id='word_1_3' title='bbox 15 1096 42 1259; x_wconf 46' lang='lat' dir='ltr'>fep-oes&#39;ss’ssffss„</span> <span class='ocrx_word' id='word_1_4' title='bbox 36 1032 41 1037; x_wconf 36' lang='grc' dir='ltr'><strong>Ἴ</strong></span> <span class='ocrx_word' id='word_1_5' title='bbox 16 994 17 997; x_wconf 60' lang='lat'><em>„</em></span> <span class='ocrx_word' id='word_1_6' title='bbox 10 904 12 906; x_wconf 27' lang='lat'><strong>⁴</strong></span> 
     </span>
    </p>
   </div>
   <div class='ocr_carea' id='block_1_3' title="bbox 321 218 1499 266">
    <p class='ocr_par' dir='ltr' id='par_1_3' title="bbox 321 218 1499 266">
     <span class='ocr_line' id='line_1_3' title="bbox 321 218 1499 266; baseline -0.001 -3"><span class='ocrx_word' id='word_1_7' title='bbox 321 225 816 266; x_wconf 79' lang='lat' dir='ltr'>METAMORPHOSEON</span> <span class='ocrx_word' id='word_1_8' title='bbox 838 228 936 265; x_wconf 90' lang='lat' dir='ltr'><strong>LIB.</strong></span> <span class='ocrx_word' id='word_1_9' title='bbox 962 229 1070 265; x_wconf 91' lang='lat' dir='ltr'><strong>XIII.</strong></span> <span class='ocrx_word' id='word_1_10' title='bbox 1095 229 1292 266; x_wconf 82' lang='lat'>207-294.</span> <span class='ocrx_word' id='word_1_11' title='bbox 1413 218 1499 262; x_wconf 81' lang='grc'>219</span> 
     </span>
    </p>
   </div>
   <div class='ocr_carea' id='block_1_4' title="bbox 53 306 1080 376">
    <p class='ocr_par' dir='ltr' id='par_1_4' title="bbox 53 306 1080 376">
     <span class='ocr_line' id='line_1_4' title="bbox 53 306 1080 376; baseline 0.002 -26"><span class='ocrx_word' id='word_1_12' title='bbox 53 357 58 362; x_wconf 39' lang='grc'><strong>,</strong></span> <span class='ocrx_word' id='word_1_13' title='bbox 116 314 247 376; x_wconf 59' lang='lat' dir='ltr'>atque</span> <span class='ocrx_word' id='word_1_14' title='bbox 268 306 328 351; x_wconf 77' lang='lat' dir='ltr'>ita</span> <span class='ocrx_word' id='word_1_15' title='bbox 351 308 521 365; x_wconf 83' lang='lat' dir='ltr'>captivo</span> <span class='ocrx_word' id='word_1_16' title='bbox 545 309 680 352; x_wconf 89' lang='lat' dir='ltr'>victor</span> <span class='ocrx_word' id='word_1_17' title='bbox 703 310 898 365; x_wconf 87' lang='lat' dir='ltr'>votisque</span> <span class='ocrx_word' id='word_1_18' title='bbox 922 311 1080 367; x_wconf 87' lang='lat' dir='ltr'>potitus</span> 
     </span>
    </p>
   </div>
   <div class='ocr_carea' id='block_1_5' title="bbox 116 363 1297 489">
    <p class='ocr_par' dir='ltr' id='par_1_5' title="bbox 116 363 1297 489">
     <span class='ocr_line' id='line_1_5' title="bbox 241 363 1145 423; baseline 0.004 -17"><span class='ocrx_word' id='word_1_19' title='bbox 241 363 348 415; x_wconf 84' lang='lat' dir='ltr'>dior,</span> <span class='ocrx_word' id='word_1_20' title='bbox 372 379 500 408; x_wconf 91' lang='lat' dir='ltr'>curru</span> <span class='ocrx_word' id='word_1_21' title='bbox 523 365 656 409; x_wconf 85' lang='lat' dir='ltr'>laetos</span> <span class='ocrx_word' id='word_1_22' title='bbox 679 365 871 410; x_wconf 84' lang='lat' dir='ltr'><strong>imitante</strong></span> <span class='ocrx_word' id='word_1_23' title='bbox 895 367 1145 423; x_wconf 74' lang='lat' dir='ltr'>triumphos,</span> 
     </span>
     <span class='ocr_line' id='line_1_6' title="bbox 116 422 1297 489; baseline 0.002 -25"><span class='ocrx_word' id='word_1_24' title='bbox 116 434 240 464; x_wconf 81' lang='lat' dir='ltr'>cums</span> <span class='ocrx_word' id='word_1_25' title='bbox 264 434 396 476; x_wconf 88' lang='lat' dir='ltr'>equos</span> <span class='ocrx_word' id='word_1_26' title='bbox 418 422 600 478; x_wconf 89' lang='lat' dir='ltr'>pretium</span> <span class='ocrx_word' id='word_1_27' title='bbox 624 437 702 478; x_wconf 92' lang='lat' dir='ltr'>pro</span> <span class='ocrx_word' id='word_1_28' title='bbox 726 431 850 466; x_wconf 90' lang='lat' dir='ltr'>nocte</span> <span class='ocrx_word' id='word_1_29' title='bbox 874 431 1127 489; x_wconf 81' lang='lat' dir='ltr'>poposcerat</span> <span class='ocrx_word' id='word_1_30' title='bbox 1149 423 1297 474; x_wconf 86' lang='lat' dir='ltr'>hostis,</span> 
     </span>
    </p>
   </div>
   <div class='ocr_carea' id='block_1_6' title="bbox 50 471 1291 544">
    <p class='ocr_par' dir='ltr' id='par_1_6' title="bbox 50 471 1291 544">
     <span class='ocr_line' id='line_1_7' title="bbox 50 471 1291 544; baseline 0 -22"><span class='ocrx_word' id='word_1_31' title='bbox 50 471 55 522; x_wconf 61' lang='lat' dir='ltr'>s,</span> <span class='ocrx_word' id='word_1_32' title='bbox 117 491 238 521; x_wconf 74' lang='lat' dir='ltr'>arma</span> <span class='ocrx_word' id='word_1_33' title='bbox 259 484 413 544; x_wconf 71' lang='lat' dir='ltr'>negate</span> <span class='ocrx_word' id='word_1_34' title='bbox 437 478 562 529; x_wconf 88' lang='lat' dir='ltr'>mihi,</span> <span class='ocrx_word' id='word_1_35' title='bbox 586 478 800 534; x_wconf 85' lang='lat' dir='ltr'>fueritque</span> <span class='ocrx_word' id='word_1_36' title='bbox 826 479 1049 536; x_wconf 86' lang='lat' dir='ltr'>bemgnior</span> <span class='ocrx_word' id='word_1_37' title='bbox 1071 479 1206 522; x_wconf 75' lang='lat' dir='ltr'>Aiax!</span> <span class='ocrx_word' id='word_1_38' title='bbox 1232 504 1291 511; x_wconf 94' lang='lat'>—-</span> 
     </span>
    </p>
   </div>
   <div class='ocr_carea' id='block_1_7' title="bbox 117 533 1592 762">
    <p class='ocr_par' dir='ltr' id='par_1_7' title="bbox 117 533 1592 648">
     <span class='ocr_line' id='line_1_8' title="bbox 117 533 1592 633; baseline 0.005 -57"><span class='ocrx_word' id='word_1_39' title='bbox 117 533 224 633; x_wconf 65' lang='lat' dir='ltr'>quid</span> <span class='ocrx_word' id='word_1_40' title='bbox 246 533 374 591; x_wconf 74' lang='lat' dir='ltr'>Lycii</span> <span class='ocrx_word' id='word_1_41' title='bbox 397 535 579 578; x_wconf 86' lang='lat' dir='ltr'>referam</span> <span class='ocrx_word' id='word_1_42' title='bbox 605 535 866 591; x_wconf 80' lang='lat' dir='ltr'>Sarpedonis</span> <span class='ocrx_word' id='word_1_43' title='bbox 890 537 1062 592; x_wconf 86' lang='lat' dir='ltr'>agmina</span> <span class='ocrx_word' id='word_1_44' title='bbox 1086 537 1198 580; x_wconf 89' lang='lat' dir='ltr'>ferro</span> <span class='ocrx_word' id='word_1_45' title='bbox 1524 550 1592 583; x_wconf 84' lang='lat'>255</span> 
     </span>
     <span class='ocr_line' id='line_1_9' title="bbox 149 591 1116 648; baseline 0.001 -14"><span class='ocrx_word' id='word_1_46' title='bbox 149 597 341 634; x_wconf 84' lang='lat' dir='ltr'>evastata</span> <span class='ocrx_word' id='word_1_47' title='bbox 363 591 486 634; x_wconf 84' lang='lat' dir='ltr'>meo?</span> <span class='ocrx_word' id='word_1_48' title='bbox 509 606 608 634; x_wconf 88' lang='lat' dir='ltr'>cum</span> <span class='ocrx_word' id='word_1_49' title='bbox 631 593 765 634; x_wconf 87' lang='lat' dir='ltr'>multo</span> <span class='ocrx_word' id='word_1_50' title='bbox 789 593 996 648; x_wconf 85' lang='lat' dir='ltr'>sanguine</span> <span class='ocrx_word' id='word_1_51' title='bbox 1021 593 1116 635; x_wconf 90' lang='lat' dir='ltr'>fudi</span> 
     </span>
    </p>

    <p class='ocr_par' dir='ltr' id='par_1_8' title="bbox 117 645 1438 762">
     <span class='ocr_line' id='line_1_10' title="bbox 117 645 1325 705; baseline 0 -13"><span class='ocrx_word' id='word_1_52' title='bbox 117 645 346 692; x_wconf 81' lang='lat' dir='ltr'>Coeranon</span> <span class='ocrx_word' id='word_1_53' title='bbox 368 647 585 704; x_wconf 83' lang='lat' dir='ltr'><strong>Iphitiden</strong></span> <span class='ocrx_word' id='word_1_54' title='bbox 610 655 651 690; x_wconf 90' lang='lat' dir='ltr'>et</span> <span class='ocrx_word' id='word_1_55' title='bbox 674 649 961 704; x_wconf 81' lang='lat' dir='ltr'>Alastoraque</span> <span class='ocrx_word' id='word_1_56' title='bbox 987 647 1325 705; x_wconf 87' lang='lat' dir='ltr'>Chromiumque</span> 
     </span>
     <span class='ocr_line' id='line_1_11' title="bbox 117 703 1438 762; baseline 0.002 -15"><span class='ocrx_word' id='word_1_57' title='bbox 117 703 471 759; x_wconf 77' lang='lat' dir='ltr'>Alcandrumque</span> <span class='ocrx_word' id='word_1_58' title='bbox 494 704 758 759; x_wconf 83' lang='lat' dir='ltr'>Haliumque</span> <span class='ocrx_word' id='word_1_59' title='bbox 781 705 1090 760; x_wconf 70' lang='lat' dir='ltr'>Noemonaque</span> <span class='ocrx_word' id='word_1_60' title='bbox 1113 706 1438 762; x_wconf 84' lang='lat' dir='ltr'>Prytanimque,</span> 
     </span>
    </p>
   </div>
   <div class='ocr_carea' id='block_1_8' title="bbox 6 739 1166 816">
    <p class='ocr_par' dir='ltr' id='par_1_9' title="bbox 6 739 1166 816">
     <span class='ocr_line' id='line_1_12' title="bbox 6 739 1166 816; baseline 0 -11"><span class='ocrx_word' id='word_1_61' title='bbox 6 739 9 762; x_wconf 39' lang='lat'><strong><em>⁵</em></strong></span> <span class='ocrx_word' id='word_1_62' title='bbox 43 767 48 811; x_wconf 77' lang='grc' dir='ltr'>ῗ</span> <span class='ocrx_word' id='word_1_63' title='bbox 117 760 334 816; x_wconf 80' lang='lat' dir='ltr'>exitioque</span> <span class='ocrx_word' id='word_1_64' title='bbox 358 759 458 804; x_wconf 92' lang='lat' dir='ltr'>dedi</span> <span class='ocrx_word' id='word_1_65' title='bbox 481 775 580 804; x_wconf 91' lang='lat' dir='ltr'>cum</span> <span class='ocrx_word' id='word_1_66' title='bbox 606 759 960 805; x_wconf 82' lang='lat' dir='ltr'>Chersidamante</span> <span class='ocrx_word' id='word_1_67' title='bbox 984 762 1166 805; x_wconf 88' lang='lat' dir='ltr'>Thoona</span> 
     </span>
    </p>
   </div>
   <div class='ocr_carea' id='block_1_9' title="bbox 116 815 1593 999">
    <p class='ocr_par' dir='ltr' id='par_1_10' title="bbox 116 815 1593 999">
     <span class='ocr_line' id='line_1_13' title="bbox 116 815 1593 874; baseline 0.003 -12"><span class='ocrx_word' id='word_1_68' title='bbox 116 824 161 862; x_wconf 81' lang='lat' dir='ltr'>et</span> <span class='ocrx_word' id='word_1_69' title='bbox 185 815 444 874; x_wconf 87' lang='lat' dir='ltr'>Charopem,</span> <span class='ocrx_word' id='word_1_70' title='bbox 468 817 653 872; x_wconf 86' lang='lat' dir='ltr'>fatisque</span> <span class='ocrx_word' id='word_1_71' title='bbox 676 818 910 860; x_wconf 84' lang='lat' dir='ltr'>immitibus</span> <span class='ocrx_word' id='word_1_72' title='bbox 934 818 1163 861; x_wconf 88' lang='lat' dir='ltr'>Ennomon</span> <span class='ocrx_word' id='word_1_73' title='bbox 1188 828 1346 871; x_wconf 89' lang='lat' dir='ltr'>actum,</span> <span class='ocrx_word' id='word_1_74' title='bbox 1524 834 1593 866; x_wconf 84' lang='lat'>260</span> 
     </span>
     <span class='ocr_line' id='line_1_14' title="bbox 117 873 1320 931; baseline 0 -13"><span class='ocrx_word' id='word_1_75' title='bbox 117 873 278 931; x_wconf 80' lang='lat' dir='ltr'>quique</span> <span class='ocrx_word' id='word_1_76' title='bbox 301 873 443 918; x_wconf 89' lang='lat' dir='ltr'>minus</span> <span class='ocrx_word' id='word_1_77' title='bbox 467 874 656 918; x_wconf 81' lang='lat' dir='ltr'>celebres</span> <span class='ocrx_word' id='word_1_78' title='bbox 679 882 825 917; x_wconf 87' lang='lat' dir='ltr'>nostra</span> <span class='ocrx_word' id='word_1_79' title='bbox 848 875 930 917; x_wconf 90' lang='lat' dir='ltr'>sub</span> <span class='ocrx_word' id='word_1_80' title='bbox 953 876 1177 918; x_wconf 90' lang='lat' dir='ltr'>moenibus</span> <span class='ocrx_word' id='word_1_81' title='bbox 1201 877 1320 918; x_wconf 89' lang='lat' dir='ltr'>urbis</span> 
     </span>
     <span class='ocr_line' id='line_1_15' title="bbox 117 930 1320 999; baseline 0.002 -25"><span class='ocrx_word' id='word_1_82' title='bbox 117 930 384 999; x_wconf 78' lang='lat' dir='ltr'>procubuere</span> <span class='ocrx_word' id='word_1_83' title='bbox 406 946 551 974; x_wconf 87' lang='lat' dir='ltr'>manu.</span> <span class='ocrx_word' id='word_1_84' title='bbox 573 954 634 962; x_wconf 93' lang='lat'>—</span> <span class='ocrx_word' id='word_1_85' title='bbox 655 939 754 974; x_wconf 89' lang='lat' dir='ltr'>sunt</span> <span class='ocrx_word' id='word_1_86' title='bbox 776 939 819 974; x_wconf 92' lang='lat' dir='ltr'>et</span> <span class='ocrx_word' id='word_1_87' title='bbox 843 931 945 973; x_wconf 92' lang='lat' dir='ltr'>mihi</span> <span class='ocrx_word' id='word_1_88' title='bbox 970 932 1167 983; x_wconf 88' lang='lat' dir='ltr'>vulnera,</span> <span class='ocrx_word' id='word_1_89' title='bbox 1191 933 1320 983; x_wconf 85' lang='lat' dir='ltr'>cives,</span> 
     </span>
    </p>
   </div>
   <div class='ocr_carea' id='block_1_10' title="bbox 45 987 1194 1056">
    <p class='ocr_par' dir='ltr' id='par_1_11' title="bbox 45 987 1194 1056">
     <span class='ocr_line' id='line_1_16' title="bbox 45 987 1194 1056; baseline -0.001 -24"><span class='ocrx_word' id='word_1_90' title='bbox 45 994 49 1006; x_wconf 76' lang='lat'><strong>²</strong></span> <span class='ocrx_word' id='word_1_91' title='bbox 116 1002 212 1056; x_wconf 74' lang='lat' dir='ltr'>ipso</span> <span class='ocrx_word' id='word_1_92' title='bbox 235 987 414 1055; x_wconf 89' lang='lat' dir='ltr'>pulchra</span> <span class='ocrx_word' id='word_1_93' title='bbox 436 988 544 1031; x_wconf 90' lang='lat' dir='ltr'>loco.</span> <span class='ocrx_word' id='word_1_94' title='bbox 602 1003 682 1031; x_wconf 88' lang='lat' dir='ltr'>nec</span> <span class='ocrx_word' id='word_1_95' title='bbox 706 988 826 1031; x_wconf 89' lang='lat' dir='ltr'>vanis</span> <span class='ocrx_word' id='word_1_96' title='bbox 852 989 1010 1031; x_wconf 86' lang='lat' dir='ltr'>credite</span> <span class='ocrx_word' id='word_1_97' title='bbox 1034 989 1194 1031; x_wconf 88' lang='lat' dir='ltr'>verbis:</span> 
     </span>
    </p>
   </div>
   <div class='ocr_carea' id='block_1_11' title="bbox 115 1043 1597 2634">
    <p class='ocr_par' dir='ltr' id='par_1_12' title="bbox 115 1043 1367 1102">
     <span class='ocr_line' id='line_1_17' title="bbox 115 1043 1367 1102; baseline 0.001 -13"><span class='ocrx_word' id='word_1_98' title='bbox 115 1052 293 1102; x_wconf 77' lang='lat' dir='ltr'>aspicite</span> <span class='ocrx_word' id='word_1_99' title='bbox 317 1043 409 1088; x_wconf 78' lang='lat' dir='ltr'>enl’</span> <span class='ocrx_word' id='word_1_100' title='bbox 434 1052 680 1100; x_wconf 87' lang='lat' dir='ltr'>vestemque</span> <span class='ocrx_word' id='word_1_101' title='bbox 704 1061 834 1087; x_wconf 90' lang='lat' dir='ltr'>manu</span> <span class='ocrx_word' id='word_1_102' title='bbox 859 1045 1025 1088; x_wconf 86' lang='lat' dir='ltr'>diduxit</span> <span class='ocrx_word' id='word_1_103' title='bbox 1051 1054 1094 1088; x_wconf 89' lang='lat' dir='ltr'>et</span> <span class='ocrx_word' id='word_1_104' title='bbox 1116 1046 1242 1089; x_wconf 87' lang='lat' dir='ltr'>‘haec</span> <span class='ocrx_word' id='word_1_105' title='bbox 1267 1053 1367 1090; x_wconf 84' lang='lat' dir='ltr'>sunt</span> 
     </span>
    </p>

    <p class='ocr_par' dir='ltr' id='par_1_13' title="bbox 116 1101 1592 1225">
     <span class='ocr_line' id='line_1_18' title="bbox 116 1101 1592 1160; baseline 0.001 -15"><span class='ocrx_word' id='word_1_106' title='bbox 116 1108 292 1160; x_wconf 86' lang='lat' dir='ltr'>pectora</span> <span class='ocrx_word' id='word_1_107' title='bbox 315 1101 500 1158; x_wconf 90' lang='lat' dir='ltr'>semper&#39;</span> <span class='ocrx_word' id='word_1_108' title='bbox 526 1102 585 1144; x_wconf 88' lang='lat' dir='ltr'>ait</span> <span class='ocrx_word' id='word_1_109' title='bbox 609 1103 780 1145; x_wconf 86' lang='lat' dir='ltr'>‘vestris</span> <span class='ocrx_word' id='word_1_110' title='bbox 805 1102 991 1146; x_wconf 86' lang='lat' dir='ltr'>exercita</span> <span class='ocrx_word' id='word_1_111' title='bbox 1015 1103 1157 1146; x_wconf 89' lang='lat' dir='ltr'>rebus.</span> <span class='ocrx_word' id='word_1_112' title='bbox 1525 1118 1592 1150; x_wconf 84' lang='lat'>265</span> 
     </span>
     <span class='ocr_line' id='line_1_19' title="bbox 118 1157 1118 1225; baseline -0.002 -22"><span class='ocrx_word' id='word_1_113' title='bbox 118 1165 164 1203; x_wconf 81' lang='lat' dir='ltr'>at</span> <span class='ocrx_word' id='word_1_114' title='bbox 184 1157 246 1202; x_wconf 90' lang='lat' dir='ltr'>nil</span> <span class='ocrx_word' id='word_1_115' title='bbox 269 1157 477 1215; x_wconf 84' lang='lat' dir='ltr'>impendit</span> <span class='ocrx_word' id='word_1_116' title='bbox 500 1173 577 1225; x_wconf 88' lang='lat' dir='ltr'>per</span> <span class='ocrx_word' id='word_1_117' title='bbox 599 1166 663 1201; x_wconf 87' lang='lat' dir='ltr'>tot</span> <span class='ocrx_word' id='word_1_118' title='bbox 685 1158 961 1202; x_wconf 86' lang='lat' dir='ltr'>Telamonius</span> <span class='ocrx_word' id='word_1_119' title='bbox 985 1174 1118 1202; x_wconf 87' lang='lat' dir='ltr'>annos</span> 
     </span>
    </p>

    <p class='ocr_par' dir='ltr' id='par_1_14' title="bbox 115 1214 1315 1272">
     <span class='ocr_line' id='line_1_20' title="bbox 115 1214 1315 1272; baseline -0.001 -12"><span class='ocrx_word' id='word_1_120' title='bbox 115 1231 139 1260; x_wconf 77' lang='grc' dir='ltr'>ε</span> <span class='ocrx_word' id='word_1_121' title='bbox 258 1215 270 1225; x_wconf 84' lang='grc'><strong>’</strong></span> <span class='ocrx_word' id='word_1_122' title='bbox 303 1214 314 1225; x_wconf 81' lang='grc'><em>“</em></span> <span class='ocrx_word' id='word_1_123' title='bbox 362 1214 408 1258; x_wconf 87' lang='lat' dir='ltr'>in</span> <span class='ocrx_word' id='word_1_124' title='bbox 431 1229 588 1266; x_wconf 73' lang='lat' dir='ltr'>socios,</span> <span class='ocrx_word' id='word_1_125' title='bbox 613 1223 654 1258; x_wconf 89' lang='lat' dir='ltr'>et</span> <span class='ocrx_word' id='word_1_126' title='bbox 678 1215 809 1259; x_wconf 87' lang='lat' dir='ltr'>habet</span> <span class='ocrx_word' id='word_1_127' title='bbox 832 1216 922 1258; x_wconf 87' lang='lat' dir='ltr'>sine</span> <span class='ocrx_word' id='word_1_128' title='bbox 947 1216 1121 1259; x_wconf 89' lang='lat' dir='ltr'>vulnere</span> <span class='ocrx_word' id='word_1_129' title='bbox 1147 1231 1315 1272; x_wconf 86' lang='lat' dir='ltr'>corpus.</span> 
     </span>
    </p>

    <p class='ocr_par' dir='ltr' id='par_1_15' title="bbox 117 1271 1270 1329">
     <span class='ocr_line' id='line_1_21' title="bbox 117 1271 1270 1329; baseline -0.001 -13"><span class='ocrx_word' id='word_1_130' title='bbox 117 1271 195 1329; x_wconf 86' lang='lat' dir='ltr'>qui</span> <span class='ocrx_word' id='word_1_131' title='bbox 245 1279 390 1315; x_wconf 87' lang='lat' dir='ltr'>tamen</span> <span class='ocrx_word' id='word_1_132' title='bbox 413 1271 495 1315; x_wconf 91' lang='lat' dir='ltr'>hoc</span> <span class='ocrx_word' id='word_1_133' title='bbox 517 1272 667 1323; x_wconf 88' lang='lat' dir='ltr'>refert,</span> <span class='ocrx_word' id='word_1_134' title='bbox 692 1273 729 1315; x_wconf 88' lang='lat' dir='ltr'>si</span> <span class='ocrx_word' id='word_1_135' title='bbox 753 1288 798 1315; x_wconf 89' lang='lat' dir='ltr'>se</span> <span class='ocrx_word' id='word_1_136' title='bbox 823 1288 899 1329; x_wconf 90' lang='lat' dir='ltr'>pro</span> <span class='ocrx_word' id='word_1_137' title='bbox 925 1273 1059 1315; x_wconf 91' lang='lat' dir='ltr'>classe</span> <span class='ocrx_word' id='word_1_138' title='bbox 1082 1272 1270 1329; x_wconf 86' lang='lat' dir='ltr'>Pelasga</span> 
     </span>
    </p>

    <p class='ocr_par' dir='ltr' id='par_1_16' title="bbox 116 1328 1593 1487">
     <span class='ocr_line' id='line_1_22' title="bbox 117 1328 1264 1385; baseline 0.001 -13"><span class='ocrx_word' id='word_1_139' title='bbox 117 1343 239 1373; x_wconf 84' lang='lat' dir='ltr'>arma</span> <span class='ocrx_word' id='word_1_140' title='bbox 262 1328 410 1372; x_wconf 89' lang='lat' dir='ltr'>tulisse</span> <span class='ocrx_word' id='word_1_141' title='bbox 433 1328 564 1372; x_wconf 89' lang='lat' dir='ltr'>refert</span> <span class='ocrx_word' id='word_1_142' title='bbox 588 1338 735 1372; x_wconf 84' lang='lat' dir='ltr'>contra</span> <span class='ocrx_word' id='word_1_143' title='bbox 758 1329 980 1384; x_wconf 86' lang='lat' dir='ltr'>Troasque</span> <span class='ocrx_word' id='word_1_144' title='bbox 1004 1330 1264 1385; x_wconf 83' lang='lat' dir='ltr'>Iovemque?</span> 
     </span>
     <span class='ocr_line' id='line_1_23' title="bbox 117 1385 1593 1444; baseline 0.003 -15"><span class='ocrx_word' id='word_1_145' title='bbox 117 1385 426 1441; x_wconf 76' lang='lat' dir='ltr'>confiteorque,</span> <span class='ocrx_word' id='word_1_146' title='bbox 450 1386 559 1428; x_wconf 87' lang='lat' dir='ltr'>tulit.</span> <span class='ocrx_word' id='word_1_147' title='bbox 617 1400 756 1441; x_wconf 91' lang='lat' dir='ltr'>neque</span> <span class='ocrx_word' id='word_1_148' title='bbox 782 1386 894 1429; x_wconf 88' lang='lat' dir='ltr'>enim</span> <span class='ocrx_word' id='word_1_149' title='bbox 921 1386 1029 1429; x_wconf 91' lang='lat' dir='ltr'>bene</span> <span class='ocrx_word' id='word_1_150' title='bbox 1052 1386 1168 1429; x_wconf 85' lang='lat' dir='ltr'>facta</span> <span class='ocrx_word' id='word_1_151' title='bbox 1191 1387 1378 1444; x_wconf 87' lang='lat' dir='ltr'>maligne</span> <span class='ocrx_word' id='word_1_152' title='bbox 1526 1403 1593 1436; x_wconf 79' lang='lat'>270</span> 
     </span>
     <span class='ocr_line' id='line_1_24' title="bbox 116 1443 1242 1487; baseline 0 -1"><span class='ocrx_word' id='word_1_153' title='bbox 116 1443 355 1487; x_wconf 82' lang='lat' dir='ltr'>detractare</span> <span class='ocrx_word' id='word_1_154' title='bbox 378 1457 522 1485; x_wconf 88' lang='lat' dir='ltr'>meum</span> <span class='ocrx_word' id='word_1_155' title='bbox 547 1450 622 1486; x_wconf 89' lang='lat' dir='ltr'>est.</span> <span class='ocrx_word' id='word_1_156' title='bbox 683 1443 757 1485; x_wconf 91' lang='lat' dir='ltr'>sed</span> <span class='ocrx_word' id='word_1_157' title='bbox 781 1458 835 1486; x_wconf 92' lang='lat' dir='ltr'>ne</span> <span class='ocrx_word' id='word_1_158' title='bbox 860 1443 1104 1486; x_wconf 89' lang='lat' dir='ltr'>communia</span> <span class='ocrx_word' id='word_1_159' title='bbox 1127 1443 1242 1486; x_wconf 88' lang='lat' dir='ltr'>solus</span> 
     </span>
    </p>

    <p class='ocr_par' dir='ltr' id='par_1_17' title="bbox 116 1499 1514 1614">
     <span class='ocr_line' id='line_1_25' title="bbox 116 1499 1514 1556; baseline 0.001 -13"><span class='ocrx_word' id='word_1_160' title='bbox 116 1506 316 1556; x_wconf 87' lang='lat' dir='ltr'>occupet,</span> <span class='ocrx_word' id='word_1_161' title='bbox 341 1506 470 1554; x_wconf 88' lang='lat' dir='ltr'>atque</span> <span class='ocrx_word' id='word_1_162' title='bbox 494 1499 679 1555; x_wconf 86' lang='lat' dir='ltr'>aliquem</span> <span class='ocrx_word' id='word_1_163' title='bbox 702 1500 824 1542; x_wconf 88' lang='lat' dir='ltr'>vobis</span> <span class='ocrx_word' id='word_1_164' title='bbox 848 1514 1017 1555; x_wconf 91' lang='lat' dir='ltr'>quoque</span> <span class='ocrx_word' id='word_1_165' title='bbox 1041 1500 1190 1543; x_wconf 87' lang='lat' dir='ltr'>reddat</span> <span class='ocrx_word' id='word_1_166' title='bbox 1215 1500 1432 1544; x_wconf 87' lang='lat' dir='ltr'>honorem.</span> <span class='ocrx_word' id='word_1_167' title='bbox 1454 1524 1514 1532; x_wconf 89' lang='lat'><strong>—</strong></span> 
     </span>
     <span class='ocr_line' id='line_1_26' title="bbox 117 1555 1219 1614; baseline -0.001 -14"><span class='ocrx_word' id='word_1_168' title='bbox 117 1555 304 1614; x_wconf 86' lang='lat' dir='ltr'>reppulit</span> <span class='ocrx_word' id='word_1_169' title='bbox 326 1555 556 1599; x_wconf 88' lang='lat' dir='ltr'>Actorides</span> <span class='ocrx_word' id='word_1_170' title='bbox 580 1557 660 1599; x_wconf 92' lang='lat' dir='ltr'>sub</span> <span class='ocrx_word' id='word_1_171' title='bbox 684 1556 871 1613; x_wconf 87' lang='lat' dir='ltr'>imagine</span> <span class='ocrx_word' id='word_1_172' title='bbox 895 1564 1011 1599; x_wconf 87' lang='lat' dir='ltr'>tutus</span> <span class='ocrx_word' id='word_1_173' title='bbox 1036 1557 1219 1600; x_wconf 87' lang='lat' dir='ltr'>Achillis</span> 
     </span>
    </p>

    <p class='ocr_par' dir='ltr' id='par_1_18' title="bbox 117 1612 1162 1656">
     <span class='ocr_line' id='line_1_27' title="bbox 117 1612 1162 1656; baseline -0.001 0"><span class='ocrx_word' id='word_1_174' title='bbox 117 1613 256 1656; x_wconf 80' lang='lat' dir='ltr'>Troas</span> <span class='ocrx_word' id='word_1_175' title='bbox 281 1612 336 1655; x_wconf 92' lang='lat' dir='ltr'>ab</span> <span class='ocrx_word' id='word_1_176' title='bbox 361 1612 519 1656; x_wconf 87' lang='lat' dir='ltr'>arsuris</span> <span class='ocrx_word' id='word_1_177' title='bbox 544 1627 642 1656; x_wconf 90' lang='lat' dir='ltr'>cum</span> <span class='ocrx_word' id='word_1_178' title='bbox 666 1613 888 1656; x_wconf 88' lang='lat' dir='ltr'>defensore</span> <span class='ocrx_word' id='word_1_179' title='bbox 914 1613 1078 1656; x_wconf 89' lang='lat' dir='ltr'>carinis.</span> <span class='ocrx_word' id='word_1_180' title='bbox 1104 1638 1162 1644; x_wconf 93' lang='lat'>—</span> 
     </span>
    </p>

    <p class='ocr_par' dir='ltr' id='par_1_19' title="bbox 117 1669 1594 1784">
     <span class='ocr_line' id='line_1_28' title="bbox 119 1669 1594 1718; baseline 0.003 -5"><span class='ocrx_word' id='word_1_181' title='bbox 119 1684 273 1713; x_wconf 85' lang='lat' dir='ltr'>ausum</span> <span class='ocrx_word' id='word_1_182' title='bbox 297 1669 426 1712; x_wconf 89' lang='lat' dir='ltr'>etiam</span> <span class='ocrx_word' id='word_1_183' title='bbox 450 1670 676 1712; x_wconf 88' lang='lat' dir='ltr'>Hectoreis</span> <span class='ocrx_word' id='word_1_184' title='bbox 701 1670 839 1712; x_wconf 90' lang='lat' dir='ltr'>solum</span> <span class='ocrx_word' id='word_1_185' title='bbox 863 1685 1114 1714; x_wconf 89' lang='lat' dir='ltr'>concurrere</span> <span class='ocrx_word' id='word_1_186' title='bbox 1138 1671 1233 1714; x_wconf 92' lang='lat' dir='ltr'>telis</span> <span class='ocrx_word' id='word_1_187' title='bbox 1527 1686 1594 1718; x_wconf 77' lang='lat'>275</span> 
     </span>
     <span class='ocr_line' id='line_1_29' title="bbox 117 1726 1208 1784; baseline 0 -14"><span class='ocrx_word' id='word_1_188' title='bbox 117 1741 166 1770; x_wconf 83' lang='lat' dir='ltr'>se</span> <span class='ocrx_word' id='word_1_189' title='bbox 188 1733 332 1784; x_wconf 86' lang='lat' dir='ltr'>putat,</span> <span class='ocrx_word' id='word_1_190' title='bbox 356 1726 512 1769; x_wconf 87' lang='lat' dir='ltr'>oblitus</span> <span class='ocrx_word' id='word_1_191' title='bbox 537 1726 735 1782; x_wconf 85' lang='lat' dir='ltr'>regisque</span> <span class='ocrx_word' id='word_1_192' title='bbox 759 1727 1002 1784; x_wconf 86' lang='lat' dir='ltr'>ducumque</span> <span class='ocrx_word' id='word_1_193' title='bbox 1026 1727 1208 1782; x_wconf 88' lang='lat' dir='ltr'>meique,</span> 
     </span>
    </p>

    <p class='ocr_par' dir='ltr' id='par_1_20' title="bbox 117 1782 1157 1840">
     <span class='ocr_line' id='line_1_30' title="bbox 117 1782 1157 1840; baseline -0.002 -13"><span class='ocrx_word' id='word_1_194' title='bbox 117 1797 258 1827; x_wconf 89' lang='lat' dir='ltr'>nonus</span> <span class='ocrx_word' id='word_1_195' title='bbox 281 1783 326 1825; x_wconf 92' lang='lat' dir='ltr'>in</span> <span class='ocrx_word' id='word_1_196' title='bbox 350 1782 492 1825; x_wconf 90' lang='lat' dir='ltr'>officio</span> <span class='ocrx_word' id='word_1_197' title='bbox 516 1790 559 1826; x_wconf 89' lang='lat' dir='ltr'>et</span> <span class='ocrx_word' id='word_1_198' title='bbox 581 1784 795 1840; x_wconf 87' lang='lat' dir='ltr'>praelatus</span> <span class='ocrx_word' id='word_1_199' title='bbox 819 1798 995 1826; x_wconf 88' lang='lat' dir='ltr'>munere</span> <span class='ocrx_word' id='word_1_200' title='bbox 1020 1784 1157 1825; x_wconf 89' lang='lat' dir='ltr'>sortis.</span> 
     </span>
    </p>

    <p class='ocr_par' dir='ltr' id='par_1_21' title="bbox 118 1840 1241 1896">
     <span class='ocr_line' id='line_1_31' title="bbox 118 1840 1241 1896; baseline -0.001 -12"><span class='ocrx_word' id='word_1_201' title='bbox 118 1840 197 1884; x_wconf 84' lang='lat' dir='ltr'>sed</span> <span class='ocrx_word' id='word_1_202' title='bbox 219 1847 363 1883; x_wconf 83' lang='lat' dir='ltr'>tamen</span> <span class='ocrx_word' id='word_1_203' title='bbox 387 1846 565 1883; x_wconf 87' lang='lat' dir='ltr'>eventus</span> <span class='ocrx_word' id='word_1_204' title='bbox 589 1847 772 1890; x_wconf 86' lang='lat' dir='ltr'>vestrae,</span> <span class='ocrx_word' id='word_1_205' title='bbox 798 1840 1045 1890; x_wconf 85' lang='lat' dir='ltr'>fortissime,</span> <span class='ocrx_word' id='word_1_206' title='bbox 1070 1855 1241 1896; x_wconf 83' lang='lat' dir='ltr'>pugnae</span> 
     </span>
    </p>

    <p class='ocr_par' dir='ltr' id='par_1_22' title="bbox 116 1896 1301 1953">
     <span class='ocr_line' id='line_1_32' title="bbox 116 1896 1301 1953; baseline -0.001 -13"><span class='ocrx_word' id='word_1_207' title='bbox 116 1897 216 1953; x_wconf 90' lang='lat' dir='ltr'>quis</span> <span class='ocrx_word' id='word_1_208' title='bbox 239 1896 348 1939; x_wconf 81' lang='lat' dir='ltr'>fuit?</span> <span class='ocrx_word' id='word_1_209' title='bbox 382 1897 548 1940; x_wconf 87' lang='lat' dir='ltr'>Hector</span> <span class='ocrx_word' id='word_1_210' title='bbox 571 1896 661 1939; x_wconf 89' lang='lat' dir='ltr'>abit</span> <span class='ocrx_word' id='word_1_211' title='bbox 684 1897 865 1939; x_wconf 87' lang='lat' dir='ltr'>violatus</span> <span class='ocrx_word' id='word_1_212' title='bbox 890 1898 1064 1940; x_wconf 88' lang='lat' dir='ltr'>vulnere</span> <span class='ocrx_word' id='word_1_213' title='bbox 1087 1898 1218 1940; x_wconf 92' lang='lat' dir='ltr'>nullo.</span> <span class='ocrx_word' id='word_1_214' title='bbox 1242 1921 1301 1929; x_wconf 91' lang='lat'><strong>—</strong></span> 
     </span>
    </p>

    <p class='ocr_par' dir='ltr' id='par_1_23' title="bbox 117 1953 1597 2067">
     <span class='ocr_line' id='line_1_33' title="bbox 117 1953 1597 2010; baseline 0.002 -13"><span class='ocrx_word' id='word_1_215' title='bbox 117 1969 189 1998; x_wconf 87' lang='lat' dir='ltr'>me</span> <span class='ocrx_word' id='word_1_216' title='bbox 211 1953 434 2004; x_wconf 88' lang='lat' dir='ltr'>miserum,</span> <span class='ocrx_word' id='word_1_217' title='bbox 458 1960 618 2010; x_wconf 89' lang='lat' dir='ltr'>quanto</span> <span class='ocrx_word' id='word_1_218' title='bbox 643 1968 773 2010; x_wconf 88' lang='lat' dir='ltr'>cogor</span> <span class='ocrx_word' id='word_1_219' title='bbox 796 1954 1039 1997; x_wconf 88' lang='lat' dir='ltr'>meminisse</span> <span class='ocrx_word' id='word_1_220' title='bbox 1065 1954 1208 1997; x_wconf 88' lang='lat' dir='ltr'>dolore</span> <span class='ocrx_word' id='word_1_221' title='bbox 1528 1969 1597 2002; x_wconf 84' lang='lat'>280</span> 
     </span>
     <span class='ocr_line' id='line_1_34' title="bbox 117 2009 1202 2067; baseline -0.001 -13"><span class='ocrx_word' id='word_1_222' title='bbox 117 2010 322 2067; x_wconf 88' lang='lat' dir='ltr'>temporis</span> <span class='ocrx_word' id='word_1_223' title='bbox 345 2010 478 2061; x_wconf 90' lang='lat' dir='ltr'>illius,</span> <span class='ocrx_word' id='word_1_224' title='bbox 502 2024 588 2065; x_wconf 93' lang='lat' dir='ltr'>quo</span> <span class='ocrx_word' id='word_1_225' title='bbox 614 2009 794 2053; x_wconf 88' lang='lat' dir='ltr'>Graium</span> <span class='ocrx_word' id='word_1_226' title='bbox 820 2026 986 2061; x_wconf 89' lang='lat' dir='ltr'>murus,</span> <span class='ocrx_word' id='word_1_227' title='bbox 1010 2011 1202 2054; x_wconf 86' lang='lat' dir='ltr'>Achilles</span> 
     </span>
    </p>

    <p class='ocr_par' dir='ltr' id='par_1_24' title="bbox 118 2065 1271 2125">
     <span class='ocr_line' id='line_1_35' title="bbox 118 2065 1271 2125; baseline 0.001 -16"><span class='ocrx_word' id='word_1_228' title='bbox 118 2065 366 2125; x_wconf 72' lang='lat' dir='ltr'>procubuit!</span> <span class='ocrx_word' id='word_1_229' title='bbox 391 2081 471 2110; x_wconf 90' lang='lat' dir='ltr'>nec</span> <span class='ocrx_word' id='word_1_230' title='bbox 493 2081 564 2110; x_wconf 91' lang='lat' dir='ltr'>me</span> <span class='ocrx_word' id='word_1_231' title='bbox 587 2067 786 2110; x_wconf 86' lang='lat' dir='ltr'>lacrimae</span> <span class='ocrx_word' id='word_1_232' title='bbox 810 2068 1035 2122; x_wconf 90' lang='lat' dir='ltr'>luctusque</span> <span class='ocrx_word' id='word_1_233' title='bbox 1060 2068 1271 2123; x_wconf 91' lang='lat' dir='ltr'>timorque</span> 
     </span>
    </p>

    <p class='ocr_par' dir='ltr' id='par_1_25' title="bbox 118 2123 1269 2180">
     <span class='ocr_line' id='line_1_36' title="bbox 118 2123 1269 2180; baseline -0.001 -13"><span class='ocrx_word' id='word_1_234' title='bbox 118 2124 362 2174; x_wconf 85' lang='lat' dir='ltr'>tardarunt,</span> <span class='ocrx_word' id='word_1_235' title='bbox 386 2123 490 2179; x_wconf 86' lang='lat' dir='ltr'>quin</span> <span class='ocrx_word' id='word_1_236' title='bbox 515 2138 668 2180; x_wconf 90' lang='lat' dir='ltr'>corpus</span> <span class='ocrx_word' id='word_1_237' title='bbox 693 2123 824 2166; x_wconf 90' lang='lat' dir='ltr'>humo</span> <span class='ocrx_word' id='word_1_238' title='bbox 848 2124 1028 2167; x_wconf 88' lang='lat' dir='ltr'>sublime</span> <span class='ocrx_word' id='word_1_239' title='bbox 1053 2125 1269 2167; x_wconf 88' lang='lat' dir='ltr'>referrem.</span> 
     </span>
    </p>

    <p class='ocr_par' dir='ltr' id='par_1_26' title="bbox 119 2179 1385 2237">
     <span class='ocr_line' id='line_1_37' title="bbox 119 2179 1385 2237; baseline 0 -13"><span class='ocrx_word' id='word_1_240' title='bbox 119 2181 187 2224; x_wconf 86' lang='lat' dir='ltr'>his</span> <span class='ocrx_word' id='word_1_241' title='bbox 210 2180 388 2230; x_wconf 89' lang='lat' dir='ltr'>umeris,</span> <span class='ocrx_word' id='word_1_242' title='bbox 413 2179 492 2231; x_wconf 90' lang='lat' dir='ltr'>his,</span> <span class='ocrx_word' id='word_1_243' title='bbox 516 2180 712 2236; x_wconf 90' lang='lat' dir='ltr'>inquam,</span> <span class='ocrx_word' id='word_1_244' title='bbox 737 2181 894 2223; x_wconf 88' lang='lat' dir='ltr'>umeris</span> <span class='ocrx_word' id='word_1_245' title='bbox 919 2195 999 2237; x_wconf 87' lang='lat' dir='ltr'>ego</span> <span class='ocrx_word' id='word_1_246' title='bbox 1024 2195 1177 2237; x_wconf 91' lang='lat' dir='ltr'>corpus</span> <span class='ocrx_word' id='word_1_247' title='bbox 1202 2181 1385 2225; x_wconf 88' lang='lat' dir='ltr'>Achillis</span> 
     </span>
    </p>

    <p class='ocr_par' dir='ltr' id='par_1_27' title="bbox 118 2237 1597 2350">
     <span class='ocr_line' id='line_1_38' title="bbox 118 2237 1597 2292; baseline 0.002 -11"><span class='ocrx_word' id='word_1_248' title='bbox 118 2245 165 2282; x_wconf 86' lang='lat' dir='ltr'>et</span> <span class='ocrx_word' id='word_1_249' title='bbox 187 2237 314 2280; x_wconf 81' lang='lat' dir='ltr'>simul</span> <span class='ocrx_word' id='word_1_250' title='bbox 337 2252 456 2279; x_wconf 89' lang='lat' dir='ltr'>arma</span> <span class='ocrx_word' id='word_1_251' title='bbox 480 2237 572 2283; x_wconf 88' lang='lat' dir='ltr'>tuli.</span> <span class='ocrx_word' id='word_1_252' title='bbox 631 2251 741 2292; x_wconf 89' lang='lat' dir='ltr'>quae</span> <span class='ocrx_word' id='word_1_253' title='bbox 766 2252 880 2280; x_wconf 89' lang='lat' dir='ltr'>nunc</span> <span class='ocrx_word' id='word_1_254' title='bbox 904 2251 1076 2292; x_wconf 92' lang='lat' dir='ltr'>quoque</span> <span class='ocrx_word' id='word_1_255' title='bbox 1100 2238 1210 2281; x_wconf 89' lang='lat' dir='ltr'>ferre</span> <span class='ocrx_word' id='word_1_256' title='bbox 1235 2238 1398 2282; x_wconf 88' lang='lat' dir='ltr'>laboro.</span> <span class='ocrx_word' id='word_1_257' title='bbox 1526 2251 1597 2287; x_wconf 71' lang='lat'>285</span> 
     </span>
     <span class='ocr_line' id='line_1_39' title="bbox 119 2293 1279 2350; baseline -0.001 -12"><span class='ocrx_word' id='word_1_258' title='bbox 119 2302 222 2338; x_wconf 85' lang='lat' dir='ltr'>sunt</span> <span class='ocrx_word' id='word_1_259' title='bbox 244 2293 368 2344; x_wconf 89' lang='lat' dir='ltr'>mihi,</span> <span class='ocrx_word' id='word_1_260' title='bbox 393 2308 504 2349; x_wconf 89' lang='lat' dir='ltr'>quae</span> <span class='ocrx_word' id='word_1_261' title='bbox 528 2294 697 2337; x_wconf 89' lang='lat' dir='ltr'>valeant</span> <span class='ocrx_word' id='word_1_262' title='bbox 722 2294 765 2336; x_wconf 92' lang='lat' dir='ltr'>in</span> <span class='ocrx_word' id='word_1_263' title='bbox 790 2295 892 2336; x_wconf 87' lang='lat' dir='ltr'>talia</span> <span class='ocrx_word' id='word_1_264' title='bbox 915 2294 1123 2350; x_wconf 91' lang='lat' dir='ltr'>pondera,</span> <span class='ocrx_word' id='word_1_265' title='bbox 1149 2295 1279 2338; x_wconf 88' lang='lat' dir='ltr'>vires:</span> 
     </span>
    </p>

    <p class='ocr_par' dir='ltr' id='par_1_28' title="bbox 119 2350 1226 2395">
     <span class='ocr_line' id='line_1_40' title="bbox 119 2350 1226 2395; baseline -0.001 0"><span class='ocrx_word' id='word_1_266' title='bbox 119 2358 186 2395; x_wconf 86' lang='lat' dir='ltr'>est</span> <span class='ocrx_word' id='word_1_267' title='bbox 209 2350 376 2394; x_wconf 88' lang='lat' dir='ltr'>animus</span> <span class='ocrx_word' id='word_1_268' title='bbox 401 2358 514 2394; x_wconf 85' lang='lat' dir='ltr'>certe</span> <span class='ocrx_word' id='word_1_269' title='bbox 538 2358 700 2394; x_wconf 89' lang='lat' dir='ltr'>vestros</span> <span class='ocrx_word' id='word_1_270' title='bbox 725 2366 926 2394; x_wconf 85' lang='lat' dir='ltr'>sensurus</span> <span class='ocrx_word' id='word_1_271' title='bbox 949 2351 1142 2394; x_wconf 84' lang='lat' dir='ltr'>honores.</span> <span class='ocrx_word' id='word_1_272' title='bbox 1167 2375 1226 2382; x_wconf 91' lang='lat'>—</span> 
     </span>
    </p>

    <p class='ocr_par' dir='ltr' id='par_1_29' title="bbox 120 2407 1042 2464">
     <span class='ocr_line' id='line_1_41' title="bbox 120 2407 1042 2464; baseline -0.001 -13"><span class='ocrx_word' id='word_1_273' title='bbox 120 2407 282 2452; x_wconf 85' lang='lat' dir='ltr'>scilicet</span> <span class='ocrx_word' id='word_1_274' title='bbox 304 2407 463 2450; x_wconf 89' lang='lat' dir='ltr'>idcirco</span> <span class='ocrx_word' id='word_1_275' title='bbox 486 2422 564 2464; x_wconf 93' lang='lat' dir='ltr'>pro</span> <span class='ocrx_word' id='word_1_276' title='bbox 588 2415 688 2450; x_wconf 87' lang='lat' dir='ltr'>nato</span> <span class='ocrx_word' id='word_1_277' title='bbox 713 2409 883 2450; x_wconf 87' lang='lat' dir='ltr'>caerula</span> <span class='ocrx_word' id='word_1_278' title='bbox 907 2416 1042 2450; x_wconf 82' lang='lat' dir='ltr'>mater</span> 
     </span>
    </p>

    <p class='ocr_par' dir='ltr' id='par_1_30' title="bbox 120 2464 1014 2515">
     <span class='ocr_line' id='line_1_42' title="bbox 120 2464 1014 2515; baseline -0.002 -7"><span class='ocrx_word' id='word_1_279' title='bbox 120 2464 346 2508; x_wconf 83' lang='lat' dir='ltr'>ambitiosa</span> <span class='ocrx_word' id='word_1_280' title='bbox 368 2478 446 2506; x_wconf 94' lang='lat' dir='ltr'>suo</span> <span class='ocrx_word' id='word_1_281' title='bbox 470 2464 571 2515; x_wconf 87' lang='lat' dir='ltr'>fuit,</span> <span class='ocrx_word' id='word_1_282' title='bbox 597 2472 644 2506; x_wconf 92' lang='lat' dir='ltr'>ut</span> <span class='ocrx_word' id='word_1_283' title='bbox 668 2465 864 2507; x_wconf 88' lang='lat' dir='ltr'>caelestia</span> <span class='ocrx_word' id='word_1_284' title='bbox 887 2464 1014 2515; x_wconf 89' lang='lat' dir='ltr'>dona,</span> 
     </span>
    </p>

    <p class='ocr_par' dir='ltr' id='par_1_31' title="bbox 120 2521 1596 2634">
     <span class='ocr_line' id='line_1_43' title="bbox 121 2521 1596 2578; baseline 0.003 -14"><span class='ocrx_word' id='word_1_285' title='bbox 121 2521 224 2564; x_wconf 88' lang='lat' dir='ltr'>artis</span> <span class='ocrx_word' id='word_1_286' title='bbox 247 2535 356 2578; x_wconf 91' lang='lat' dir='ltr'>opus</span> <span class='ocrx_word' id='word_1_287' title='bbox 379 2527 542 2572; x_wconf 87' lang='lat' dir='ltr'>tantae,</span> <span class='ocrx_word' id='word_1_288' title='bbox 565 2521 683 2563; x_wconf 88' lang='lat' dir='ltr'>rudis</span> <span class='ocrx_word' id='word_1_289' title='bbox 708 2529 750 2564; x_wconf 90' lang='lat' dir='ltr'>et</span> <span class='ocrx_word' id='word_1_290' title='bbox 774 2521 864 2564; x_wconf 91' lang='lat' dir='ltr'>sine</span> <span class='ocrx_word' id='word_1_291' title='bbox 918 2529 1058 2564; x_wconf 89' lang='lat' dir='ltr'>ectore</span> <span class='ocrx_word' id='word_1_292' title='bbox 1082 2521 1204 2565; x_wconf 91' lang='lat' dir='ltr'>miles</span> <span class='ocrx_word' id='word_1_293' title='bbox 1526 2536 1596 2569; x_wconf 82' lang='lat'>290</span> 
     </span>
     <span class='ocr_line' id='line_1_44' title="bbox 120 2577 1203 2634; baseline 0 -14"><span class='ocrx_word' id='word_1_294' title='bbox 120 2577 341 2621; x_wconf 84' lang='lat' dir='ltr'>indueret?</span> <span class='ocrx_word' id='word_1_295' title='bbox 363 2591 503 2633; x_wconf 92' lang='lat' dir='ltr'>neque</span> <span class='ocrx_word' id='word_1_296' title='bbox 528 2578 641 2620; x_wconf 89' lang='lat' dir='ltr'>enim</span> <span class='ocrx_word' id='word_1_297' title='bbox 666 2578 791 2634; x_wconf 89' lang='lat' dir='ltr'>clipei</span> <span class='ocrx_word' id='word_1_298' title='bbox 814 2593 888 2621; x_wconf 88' lang='lat' dir='ltr'>cae</span> <span class='ocrx_word' id='word_1_299' title='bbox 907 2578 1048 2620; x_wconf 88' lang='lat' dir='ltr'>amina</span> <span class='ocrx_word' id='word_1_300' title='bbox 1072 2579 1203 2629; x_wconf 87' lang='lat' dir='ltr'>novit,</span> 
     </span>
    </p>
   </div>
   <div class='ocr_carea' id='block_1_12' title="bbox 46 2633 1207 2690">
    <p class='ocr_par' dir='ltr' id='par_1_32' title="bbox 46 2633 1207 2690">
     <span class='ocr_line' id='line_1_45' title="bbox 46 2633 1207 2690; baseline 0 -12"><span class='ocrx_word' id='word_1_301' title='bbox 46 2638 51 2648; x_wconf 91' lang='grc'><strong>“</strong></span> <span class='ocrx_word' id='word_1_302' title='bbox 121 2633 348 2678; x_wconf 88' lang='lat' dir='ltr'>Oceanum</span> <span class='ocrx_word' id='word_1_303' title='bbox 371 2642 414 2677; x_wconf 90' lang='lat' dir='ltr'>et</span> <span class='ocrx_word' id='word_1_304' title='bbox 438 2642 571 2677; x_wconf 81' lang='lat' dir='ltr'>terras</span> <span class='ocrx_word' id='word_1_305' title='bbox 595 2649 778 2690; x_wconf 88' lang='lat' dir='ltr'>cumque</span> <span class='ocrx_word' id='word_1_306' title='bbox 803 2635 888 2677; x_wconf 87' lang='lat' dir='ltr'>alto</span> <span class='ocrx_word' id='word_1_307' title='bbox 913 2634 1051 2678; x_wconf 87' lang='lat' dir='ltr'>sidera</span> <span class='ocrx_word' id='word_1_308' title='bbox 1075 2636 1207 2686; x_wconf 90' lang='lat' dir='ltr'>caelo,</span> 
     </span>
    </p>
   </div>
   <div class='ocr_carea' id='block_1_13' title="bbox 116 2690 1451 2805">
    <p class='ocr_par' dir='ltr' id='par_1_33' title="bbox 116 2690 1451 2805">
     <span class='ocr_line' id='line_1_46' title="bbox 118 2690 1451 2747; baseline 0.002 -13"><span class='ocrx_word' id='word_1_309' title='bbox 118 2690 407 2747; x_wconf 69' lang='lat' dir='ltr'>Pleiadasque</span> <span class='ocrx_word' id='word_1_310' title='bbox 430 2691 695 2747; x_wconf 86' lang='lat' dir='ltr'>Hyadasque</span> <span class='ocrx_word' id='word_1_311' title='bbox 719 2691 1037 2747; x_wconf 89' lang='lat' dir='ltr'>immunemque</span> <span class='ocrx_word' id='word_1_312' title='bbox 1062 2692 1258 2747; x_wconf 90' lang='lat' dir='ltr'>aequoris</span> <span class='ocrx_word' id='word_1_313' title='bbox 1283 2693 1451 2737; x_wconf 86' lang='lat' dir='ltr'>Arcton</span> 
     </span>
     <span class='ocr_line' id='line_1_47' title="bbox 116 2747 1222 2805; baseline 0.002 -15"><span class='ocrx_word' id='word_1_314' title='bbox 116 2747 394 2805; x_wconf 79' lang='lat' dir='ltr'>diversasque</span> <span class='ocrx_word' id='word_1_315' title='bbox 418 2747 547 2792; x_wconf 88' lang='lat' dir='ltr'>urbes</span> <span class='ocrx_word' id='word_1_316' title='bbox 571 2747 837 2805; x_wconf 87' lang='lat' dir='ltr'>nitidumque</span> <span class='ocrx_word' id='word_1_317' title='bbox 863 2747 1038 2792; x_wconf 86' lang='lat' dir='ltr'>Orionis</span> <span class='ocrx_word' id='word_1_318' title='bbox 1064 2764 1222 2793; x_wconf 86' lang='lat' dir='ltr'>ensem.</span> 
     </span>
    </p>
   </div>
  </div>
 </body>
</html>
