1774 3256
382 288 441 331 36
808 294 853 329 P.
879 292 1044 330 ov1D11
1067 269 1283 330 NAsoms

387 392 479 421 esse
503 376 606 419 velis
629 375 841 431 prolisque
864 388 984 416 meae
1008 380 1233 416 matertera
1256 373 1340 416 dici
1359 397 1419 406 «-

387 435 524 475 Herse
549 446 676 474 causa
699 430 811 473 viae:
835 429 1001 481 faveas,
1025 444 1214 480 oramus,
1237 429 1422 472 amanti!
1486 443 1489 445 ·

388 487 537 544 aspicit
559 487 671 529 hunc
695 486 826 529 oculis
849 486 1003 537 isdem,
1027 486 1181 541 quibus
1206 486 1350 529 abdita
1371 501 1507 544 nuper

276 598 279 600 q
387 545 550 587 viderat
571 543 788 599 Aglaurus
811 542 946 585 flavae
970 549 1131 585 secreta
1154 542 1389 594 Minervae,

298 615 364 648 750
386 615 546 657 proque
569 599 798 641 ministerio
821 598 967 655 magni
990 598 1069 641 sibi
1092 599 1289 655 ponderis
1313 614 1462 643 aurum

387 656 589 713 postulat3
613 656 772 698 interea
795 656 915 698 tectis
939 655 1142 698 excedere
1166 655 1292 711 cogit.

388 713 512 756 vertit
535 712 590 755 ad
613 712 722 754 hanc
745 711 852 754 torvi
877 712 956 754 dea
979 711 1129 754 bellica
1151 711 1320 754 luminis
1345 711 1490 757 orbem

389 778 431 812 et
453 776 568 811 tanto
590 768 757 825 penitus
782 768 909 811 traxit
932 767 1112 825 suspiria
1134 775 1265 819 motu,

388 833 436 868 ut
450 825 616 882 pariter
637 832 784 881 pectus
808 824 1074 881 positamque
1097 824 1142 867 in
1164 832 1332 881 pectore
1355 823 1456 867 forti

301 895 366 928 755
390 882 541 938 aegida
565 888 818 924 concuteret.
876 880 1006 931 subit,
1030 881 1139 924 hanc
1161 895 1315 923 arcana
1337 880 1516 938 profana

390 938 596 981 detexisse
621 953 768 988 manu,
794 945 885 979 tum
909 951 1006 980 cum
1030 937 1119 980 sine
1142 945 1275 980 matre
1299 945 1483 980 creatam

390 994 661 1038 Lemnicolae
686 994 855 1050 stirpem
880 1001 1024 1036 contra
1048 994 1147 1036 data
1169 993 1340 1037 foedera
1362 993 1486 1036 vidit:

391 1060 433 1094 et
456 1058 703 1107 gratamque
728 1050 806 1093 deo
830 1050 920 1092 fore
943 1050 1028 1092 iam
1052 1057 1302 1106 gratamque
1326 1049 1471 1101 sorori,

391 1115 432 1151 et
457 1107 585 1150 ditem
610 1115 791 1162 sumpto,
815 1107 931 1161 quod
954 1122 1081 1149 avara
1103 1114 1370 1163 poposcerat,
1395 1120 1512 1150 auro·

303 1177 368 1210 760
390 1164 579 1221 protinus
603 1163 793 1206 Invidiae
816 1163 938 1219 nigro
963 1164 1198 1218 squalentia
1221 1164 1320 1206 tabo

391 1228 502 1263 tecta
524 1220 641 1277 petit.
701 1220 850 1262 domus
874 1227 938 1262 est
960 1220 1054 1262 imis
1078 1220 1122 1262 in
1145 1220 1324 1262 vallibus
1347 1219 1472 1262 huius

392 1277 552 1327 abdita,
577 1276 663 1319 sole
688 1291 852 1327 carens,
877 1291 963 1318 non
986 1276 1061 1319 ulli
1084 1277 1229 1332 pervia
1252 1283 1391 1327 vento,

391 1333 518 1376 tristis
542 1341 583 1376 et
605 1332 750 1389 ignavi
774 1333 1015 1389 plenissima
1037 1332 1224 1389 frigoris,
1250 1339 1291 1375 et
1314 1347 1423 1388 quae

391 1390 490 1446 igne
514 1398 634 1432 vacet
659 1405 838 1445 semper,
863 1390 1042 1446 caligine
1066 1404 1232 1446 semper
1254 1388 1484 1432 habundet.

305 1459 368 1492 765
392 1446 476 1489 huc
499 1446 573 1488 ubi
597 1447 787 1502 pervenit
810 1447 919 1488 bello
942 1446 1168 1489 metuenda
1192 1446 1350 1502 virago,

393 1503 576 1545 constitit
600 1510 697 1545 ante
722 1503 896 1544 domum
919 1502 1076 1558 (neque
1100 1503 1212 1545 enim
1236 1501 1460 1545 succedere
1484 1500 1604 1544 tectis

392 1560 457 1602 fas
481 1559 628 1614 habet)
652 1567 695 1602 et
717 1568 858 1615 postes
883 1567 1071 1602 extrema
1095 1559 1268 1615 cuspide
1291 1559 1443 1615 pulsat.

393 1631 619 1658 concussae
643 1623 816 1672 patuere
840 1615 964 1658 fores.
1023 1616 1138 1658 videt
1161 1616 1272 1658 intus
1297 1615 1492 1659 edentem

393 1673 582 1728 vipereas
608 1687 772 1723 carnes,
797 1672 993 1714 vit-iorum
1017 1672 1214 1714 alimenta
1237 1686 1424 1723 suorum,

305 1743 370 1776 770
394 1727 623 1778 Invidiam,
647 1729 821 1783 visaque
845 1729 988 1770 oculos
1013 1729 1175 1771 avertit.
1235 1735 1277 1770 at
1300 1728 1372 1770 illa

395 1784 528 1841 surgit
551 1784 680 1826 humo
705 1785 823 1840 pigre
848 1798 1187 1839 semesarumque
1210 1783 1409 1839 relinquit

394 1855 569 1897 corpora
592 1851 832 1896 serpentum
856 1856 1068 1896 passuque
1090 1841 1247 1883 incedit
1269 1840 1405 1883 inerti.

393 1905 524 1952 utque
548 1897 798 1940 deamvidit
821 1897 1039 1952 formaque
1065 1897 1273 1951 armisque
1297 1897 1507 1946 decoram,

392 1954 434 1995 in
468 1953 598 1996 emuit
620 1954 799 1996 multum
825 1960 951 2008 atque
975 1953 1114 1995 animo
1139 1953 1318 2009 suspiria
1341 1952 1474 1995 duxit.

305 2024 369 2056 775
394 1969 528 2066 pallor
550 2010 593 2051 in
618 2024 688 2052 ore
713 2010 848 2059 sedet,
872 2009 1028 2052 macies
1051 2010 1095 2052 in
1120 2023 1292 2065 corpore
1316 2016 1418 2058 toto,

393 2081 602 2121 nusquam
626 2073 740 2109 recta
764 2066 895 2116 acies,
919 2066 1049 2108 livent
1072 2066 1267 2121 rubigine
1291 2065 1450 2116 dentes,

392 2130 563 2179 pectora
587 2122 684 2165 felle
709 2123 845 2164 virent
853 2143 864 2173 ς
888 2122 1034 2178 lingua
1058 2130 1120 2164 est
1144 2122 1306 2164 suffusa
1329 2135 1506 2164 veneno.

392 2179 501 2221 risus
525 2179 663 2229 abest,
687 2178 768 2220 nisi
791 2193 916 2234 quem
940 2179 1018 2220 visi
1042 2193 1210 2221 movere
1235 2178 1412 2221 dolores.
1427 2218 1438 2232 ,
1707 2196 1723 2221 ς

392 2250 471 2277 nec
494 2235 647 2277 fruitur
670 2249 835 2285 somno,
860 2235 1108 2291 vigilacibus
1133 2235 1270 2278 excita
1293 2234 1417 2285 curis,
1715 2234 1774 2290 53⁴

305 2306 369 2339 780
393 2291 468 2334 sed
491 2292 605 2334 videt
627 2292 814 2347 ingratos
837 2291 1142 2346 intabescitque
1167 2291 1348 2334 videndo
1732 2288 1774 2340 ‘'223*

393 2362 610 2390 successus
635 2347 870 2398 hominum,
896 2348 1114 2404 carpitque
1139 2354 1180 2390 et
1203 2347 1388 2403 carpitur
1409 2361 1508 2396 una,
1722 2310 1762 2396 ἱ

393 2404 728 2470 suppliciumque
752 2420 875 2446 suum
900 2415 975 2446 est.
1034 2403 1225 2458 quamvis
1249 2411 1391 2446 tamen
1414 2403 1558 2446 oderat
1581 2402 1710 2453 illam,
1716 2399 1765 2463 J

392 2461 546 2502 talibus
571 2460 714 2503 adfata
738 2468 800 2503 est
823 2461 1006 2503 breviter
1028 2460 1219 2502 Tritonia
1242 2459 1362 2503 dictis

393 2517 532 2559 ‘infice
557 2517 653 2559 tabe
678 2524 751 2559 tua
774 2524 966 2559 natarum
992 2515 1192 2591 Cecropis
1215 2531 1358 2558 unam.

304 2586 367 2618 785
393 2573 452 2614 sic
476 2587 581 2629 opus
606 2580 681 2615 est,
740 2574 957 2629 Aglaurus
982 2588 1032 2616 ea
1055 2580 1130 2615 est.
1202 2572 1318 2615 haud
1340 2571 1463 2629 plura
1485 2571 1626 2613 locuta

390 2629 502 2684 fugit
525 2636 566 2671 et
587 2629 790 2685 impressa
813 2630 1006 2672 tellurem
1027 2629 1211 2686 reppulit
1233 2629 1366 2672 hasta.

391 2684 464 2727 illa
487 2685 610 2727 deam
635 2685 804 2740 obliquo
829 2686 1065 2742 fugientem
1086 2685 1245 2728 lumine
1270 2699 1444 2728 cernens

390 2756 606 2783 murmura
629 2757 760 2798 parva
783 2742 898 2784 dedit
922 2756 1297 2797 successurumque
1320 2741 1541 2784 Minervae

390 2797 585 2848 indoluit,
610 2798 891 2853 baculumque
916 2799 1040 2854 capit,
1065 2812 1192 2854 quem
1216 2798 1361 2854 spinea
1383 2803 1519 2840 totum
